OrderID,OrderDate,ShipDate,Region,Category,SubCategory,ProductName,CustomerName,Sales,Quantity,Discount,Profit,Year,Month,Profit %
ORD10000,11/28/22,11/30/22,East,Office Supplies,Storage,Storage Model 24,Customer 299,476.99,1,0,66.89,2022,Nov,14.02%
ORD10001,3/1/22,3/6/22,South,Furniture,Chairs,Chairs Model 5,Customer 124,230.88,1,0.2,43.55,2022,Mar,18.86%
ORD10002,4/3/22,4/8/22,West,Office Supplies,Binders,Binders Model 41,Customer 299,219.90,5,0,15.44,2022,Apr,7.02%
ORD10003,8/28/24,8/29/24,West,Technology,Machines,Machines Model 3,Customer 286,169.63,4,0,37.61,2024,Aug,22.17%
ORD10004,5/29/24,5/31/24,East,Office Supplies,Paper,Paper Model 37,Customer 158,283.31,2,0.3,-2.61,2024,May,-0.92%
ORD10005,7/28/23,8/4/23,West,Technology,Phones,Phones Model 24,Customer 50,317.73,1,0.3,-0.83,2023,Jul,-0.26%
ORD10006,7/15/23,7/21/23,West,Furniture,Bookcases,Bookcases Model 32,Customer 273,290.07,1,0.3,1.24,2023,Jul,0.43%
ORD10007,3/14/23,3/21/23,Central,Office Supplies,Paper,Paper Model 20,Customer 128,336.45,5,0.2,17.86,2023,Mar,5.31%
ORD10008,3/24/24,3/26/24,Central,Technology,Phones,Phones Model 34,Customer 254,469.37,1,0.3,1.54,2024,Mar,0.33%
ORD10009,6/15/24,6/18/24,East,Technology,Accessories,Accessories Model 8,Customer 263,92.87,3,0.3,-1.57,2024,Jun,-1.69%
ORD10010,3/5/23,3/7/23,East,Office Supplies,Binders,Binders Model 43,Customer 40,176.65,4,0.2,-14.05,2023,Mar,-7.95%
ORD10011,2/22/24,2/27/24,South,Technology,Accessories,Accessories Model 38,Customer 234,279.48,3,0.1,33.95,2024,Feb,12.15%
ORD10012,3/12/22,3/19/22,East,Furniture,Tables,Tables Model 47,Customer 159,79.60,4,0,17.29,2022,Mar,21.72%
ORD10013,10/25/23,10/30/23,Central,Technology,Accessories,Accessories Model 2,Customer 237,412.89,3,0.2,8.12,2023,Oct,1.97%
ORD10014,12/30/22,1/1/23,West,Technology,Phones,Phones Model 50,Customer 148,491.70,4,0,70.46,2022,Dec,14.33%
ORD10015,5/13/22,5/19/22,East,Furniture,Tables,Tables Model 11,Customer 230,166.89,4,0.2,24.04,2022,May,14.40%
ORD10016,2/16/23,2/21/23,Central,Office Supplies,Binders,Binders Model 46,Customer 213,267.02,4,0.3,22.48,2023,Feb,8.42%
ORD10017,1/3/23,1/9/23,West,Office Supplies,Binders,Binders Model 10,Customer 119,245.60,2,0,55.3,2023,Jan,22.52%
ORD10018,11/6/23,11/8/23,Central,Furniture,Tables,Tables Model 19,Customer 3,231.86,5,0,37.3,2023,Nov,16.09%
ORD10019,5/30/22,6/3/22,Central,Technology,Accessories,Accessories Model 9,Customer 264,326.32,5,0.3,-16.65,2022,May,-5.10%
ORD10020,8/31/24,9/5/24,South,Technology,Machines,Machines Model 50,Customer 287,209.29,6,0,43.32,2024,Aug,20.70%
ORD10021,2/6/23,2/10/23,South,Office Supplies,Paper,Paper Model 4,Customer 98,177.56,1,0.2,1.24,2023,Feb,0.70%
ORD10022,3/10/22,3/12/22,East,Office Supplies,Binders,Binders Model 7,Customer 1,208.75,1,0.1,37.87,2022,Mar,18.14%
ORD10023,8/4/23,8/6/23,East,Technology,Phones,Phones Model 5,Customer 107,102.11,3,0.3,-11.56,2023,Aug,-11.32%
ORD10024,9/21/23,9/25/23,Central,Furniture,Bookcases,Bookcases Model 31,Customer 63,187.28,3,0.1,6.93,2023,Sep,3.70%
ORD10025,4/29/22,5/6/22,Central,Office Supplies,Paper,Paper Model 6,Customer 74,307.18,4,0.2,21.63,2022,Apr,7.04%
ORD10026,4/15/22,4/21/22,West,Office Supplies,Storage,Storage Model 34,Customer 12,441.86,3,0.2,19.97,2022,Apr,4.52%
ORD10027,7/30/22,8/4/22,East,Office Supplies,Binders,Binders Model 49,Customer 271,362.72,6,0.3,6.06,2022,Jul,1.67%
ORD10028,11/2/22,11/8/22,Central,Furniture,Bookcases,Bookcases Model 11,Customer 183,198.58,3,0.3,-17.78,2022,Nov,-8.95%
ORD10029,3/1/24,3/3/24,West,Technology,Machines,Machines Model 40,Customer 100,145.62,5,0.1,19.11,2024,Mar,13.12%
ORD10030,4/5/24,4/7/24,South,Office Supplies,Storage,Storage Model 23,Customer 15,198.24,2,0,23.83,2024,Apr,12.02%
ORD10031,1/29/22,2/5/22,Central,Office Supplies,Paper,Paper Model 29,Customer 179,521.90,3,0,64.41,2022,Jan,12.34%
ORD10032,9/4/24,9/7/24,South,Furniture,Chairs,Chairs Model 13,Customer 173,289.26,1,0,50.16,2024,Sep,17.34%
ORD10033,7/29/22,8/2/22,Central,Technology,Machines,Machines Model 42,Customer 44,115.77,1,0.2,-18.15,2022,Jul,-15.68%
ORD10034,5/4/24,5/10/24,South,Furniture,Tables,Tables Model 12,Customer 223,595.19,6,0,97.97,2024,May,16.46%
ORD10035,3/19/24,3/25/24,South,Office Supplies,Binders,Binders Model 26,Customer 44,310.02,6,0.2,3.72,2024,Mar,1.20%
ORD10036,1/13/24,1/15/24,South,Furniture,Chairs,Chairs Model 42,Customer 75,268.12,1,0,25.79,2024,Jan,9.62%
ORD10037,9/19/23,9/26/23,West,Technology,Accessories,Accessories Model 36,Customer 281,280.08,6,0.1,31.81,2023,Sep,11.36%
ORD10038,5/15/22,5/16/22,West,Furniture,Bookcases,Bookcases Model 28,Customer 100,428.00,6,0,65.77,2022,May,15.37%
ORD10039,4/25/24,5/2/24,Central,Furniture,Chairs,Chairs Model 33,Customer 124,142.18,3,0,16.02,2024,Apr,11.27%
ORD10040,2/22/24,2/27/24,West,Office Supplies,Paper,Paper Model 4,Customer 182,482.25,5,0.2,19.53,2024,Feb,4.05%
ORD10041,7/8/24,7/12/24,West,Technology,Machines,Machines Model 35,Customer 78,280.91,5,0.2,4.24,2024,Jul,1.51%
ORD10042,6/21/23,6/26/23,East,Furniture,Tables,Tables Model 50,Customer 77,106.53,2,0.3,1.83,2023,Jun,1.72%
ORD10043,6/26/22,6/28/22,East,Office Supplies,Storage,Storage Model 21,Customer 266,335.04,6,0,44.12,2022,Jun,13.17%
ORD10044,6/28/23,7/3/23,West,Office Supplies,Binders,Binders Model 13,Customer 142,222.57,5,0,29.09,2023,Jun,13.07%
ORD10045,2/13/22,2/20/22,East,Furniture,Bookcases,Bookcases Model 49,Customer 33,119.04,4,0.3,-2.12,2022,Feb,-1.78%
ORD10046,3/30/23,4/2/23,West,Technology,Machines,Machines Model 45,Customer 142,301.62,5,0.3,1.31,2023,Mar,0.43%
ORD10047,4/9/23,4/14/23,Central,Technology,Accessories,Accessories Model 36,Customer 104,446.88,5,0,64.7,2023,Apr,14.48%
ORD10048,5/10/24,5/14/24,South,Furniture,Tables,Tables Model 21,Customer 38,350.41,1,0.2,20.36,2024,May,5.81%
ORD10049,11/19/23,11/21/23,East,Office Supplies,Binders,Binders Model 50,Customer 80,129.03,2,0.1,3.31,2023,Nov,2.57%
ORD10050,8/20/24,8/26/24,Central,Technology,Machines,Machines Model 9,Customer 240,165.41,3,0,26.91,2024,Aug,16.27%
ORD10051,8/13/22,8/19/22,West,Furniture,Tables,Tables Model 11,Customer 221,105.13,4,0,12.55,2022,Aug,11.94%
ORD10052,6/12/23,6/16/23,Central,Office Supplies,Paper,Paper Model 6,Customer 188,63.31,2,0.1,10.06,2023,Jun,15.89%
ORD10053,1/20/22,1/23/22,South,Technology,Accessories,Accessories Model 22,Customer 265,177.55,4,0,22.25,2022,Jan,12.53%
ORD10054,10/1/23,10/4/23,East,Technology,Phones,Phones Model 6,Customer 136,105.83,1,0,10.73,2023,Oct,10.14%
ORD10055,10/6/22,10/7/22,Central,Furniture,Tables,Tables Model 26,Customer 77,102.23,2,0.2,-1.21,2022,Oct,-1.18%
ORD10056,7/4/23,7/9/23,East,Technology,Accessories,Accessories Model 18,Customer 30,221.67,6,0.1,4.23,2023,Jul,1.91%
ORD10057,3/29/24,4/4/24,East,Furniture,Tables,Tables Model 41,Customer 46,449.82,1,0.1,32.88,2024,Mar,7.31%
ORD10058,3/31/24,4/3/24,Central,Furniture,Bookcases,Bookcases Model 8,Customer 233,85.26,2,0,20.38,2024,Mar,23.90%
ORD10059,1/12/22,1/15/22,West,Technology,Accessories,Accessories Model 3,Customer 270,348.24,3,0.3,12.88,2022,Jan,3.70%
ORD10060,12/28/23,12/30/23,West,Furniture,Chairs,Chairs Model 13,Customer 160,510.37,3,0,61.58,2023,Dec,12.07%
ORD10061,10/6/23,10/9/23,West,Technology,Phones,Phones Model 18,Customer 178,403.81,3,0.2,26.93,2023,Oct,6.67%
ORD10062,4/2/24,4/3/24,West,Office Supplies,Binders,Binders Model 33,Customer 244,118.47,1,0,9.65,2024,Apr,8.15%
ORD10063,9/9/22,9/13/22,South,Furniture,Bookcases,Bookcases Model 35,Customer 202,45.71,6,0.2,-13.72,2022,Sep,-30.02%
ORD10064,9/20/24,9/25/24,Central,Office Supplies,Storage,Storage Model 13,Customer 72,349.92,2,0,58.1,2024,Sep,16.60%
ORD10065,2/19/23,2/22/23,Central,Furniture,Chairs,Chairs Model 28,Customer 84,319.31,1,0,41.03,2023,Feb,12.85%
ORD10066,2/26/22,2/27/22,West,Technology,Accessories,Accessories Model 45,Customer 151,256.39,5,0.1,37.83,2022,Feb,14.75%
ORD10067,2/16/22,2/20/22,East,Furniture,Chairs,Chairs Model 17,Customer 187,606.92,3,0.2,32.72,2022,Feb,5.39%
ORD10068,9/11/24,9/14/24,Central,Technology,Accessories,Accessories Model 14,Customer 183,191.64,2,0,40.13,2024,Sep,20.94%
ORD10069,7/7/22,7/8/22,Central,Office Supplies,Paper,Paper Model 33,Customer 103,97.90,1,0.2,15.38,2022,Jul,15.71%
ORD10070,9/12/22,9/17/22,West,Furniture,Chairs,Chairs Model 26,Customer 22,58.40,3,0,29.4,2022,Sep,50.34%
ORD10071,2/8/23,2/9/23,East,Office Supplies,Paper,Paper Model 38,Customer 271,230.08,6,0,27.84,2023,Feb,12.10%
ORD10072,5/23/24,5/30/24,South,Furniture,Bookcases,Bookcases Model 49,Customer 167,346.46,6,0.3,1.47,2024,May,0.42%
ORD10073,1/8/24,1/12/24,West,Furniture,Tables,Tables Model 3,Customer 263,142.78,6,0.3,13.89,2024,Jan,9.73%
ORD10074,10/5/23,10/9/23,East,Technology,Machines,Machines Model 44,Customer 300,181.01,5,0,35.04,2023,Oct,19.36%
ORD10075,3/28/24,4/3/24,East,Technology,Machines,Machines Model 2,Customer 22,96.98,6,0,26.11,2024,Mar,26.92%
ORD10076,5/17/22,5/23/22,East,Office Supplies,Binders,Binders Model 41,Customer 10,113.51,4,0.2,2.51,2022,May,2.21%
ORD10077,10/4/23,10/9/23,East,Technology,Phones,Phones Model 30,Customer 36,170.64,4,0.1,20.61,2023,Oct,12.08%
ORD10078,2/6/24,2/11/24,East,Technology,Phones,Phones Model 48,Customer 243,158.72,6,0.3,0.39,2024,Feb,0.25%
ORD10079,9/16/22,9/23/22,West,Furniture,Tables,Tables Model 48,Customer 236,411.45,2,0,53.55,2022,Sep,13.01%
ORD10080,5/21/23,5/28/23,East,Office Supplies,Binders,Binders Model 40,Customer 102,195.73,4,0.1,17.3,2023,May,8.84%
ORD10081,3/21/22,3/26/22,West,Furniture,Tables,Tables Model 1,Customer 247,222.11,3,0.1,13.24,2022,Mar,5.96%
ORD10082,3/4/22,3/8/22,South,Office Supplies,Storage,Storage Model 19,Customer 265,308.15,1,0,38.82,2022,Mar,12.60%
ORD10083,10/20/22,10/24/22,West,Office Supplies,Paper,Paper Model 20,Customer 44,198.42,1,0.3,-0.12,2022,Oct,-0.06%
ORD10084,8/16/24,8/20/24,South,Furniture,Tables,Tables Model 18,Customer 199,205.74,4,0,25.67,2024,Aug,12.48%
ORD10085,8/3/22,8/5/22,Central,Furniture,Bookcases,Bookcases Model 24,Customer 68,89.04,1,0,29.49,2022,Aug,33.12%
ORD10086,9/10/23,9/17/23,Central,Technology,Machines,Machines Model 15,Customer 255,164.99,3,0,27.59,2023,Sep,16.72%
ORD10087,7/8/24,7/12/24,South,Office Supplies,Binders,Binders Model 44,Customer 231,399.83,2,0,24.71,2024,Jul,6.18%
ORD10088,2/20/23,2/23/23,South,Technology,Phones,Phones Model 21,Customer 62,315.91,4,0.1,19.86,2023,Feb,6.29%
ORD10089,5/10/24,5/13/24,East,Furniture,Tables,Tables Model 13,Customer 7,152.66,3,0.2,13.6,2024,May,8.91%
ORD10090,7/12/24,7/18/24,South,Office Supplies,Paper,Paper Model 25,Customer 40,201.37,3,0,27.91,2024,Jul,13.86%
ORD10091,1/5/23,1/9/23,East,Office Supplies,Binders,Binders Model 43,Customer 147,308.04,3,0,43.01,2023,Jan,13.96%
ORD10092,10/13/23,10/15/23,Central,Furniture,Tables,Tables Model 13,Customer 192,170.48,4,0.3,-9.96,2023,Oct,-5.84%
ORD10093,3/14/24,3/18/24,West,Furniture,Bookcases,Bookcases Model 47,Customer 42,568.47,4,0.3,-1.87,2024,Mar,-0.33%
ORD10094,2/20/22,2/26/22,Central,Office Supplies,Paper,Paper Model 32,Customer 26,73.12,5,0,14.74,2022,Feb,20.16%
ORD10095,7/22/24,7/27/24,Central,Furniture,Chairs,Chairs Model 19,Customer 153,221.47,4,0.2,6.26,2024,Jul,2.83%
ORD10096,9/19/22,9/25/22,West,Technology,Machines,Machines Model 20,Customer 248,165.88,3,0.2,11.39,2022,Sep,6.87%
ORD10097,7/25/23,7/31/23,East,Office Supplies,Binders,Binders Model 14,Customer 257,310.88,2,0,40.65,2023,Jul,13.08%
ORD10098,7/16/24,7/23/24,Central,Office Supplies,Storage,Storage Model 49,Customer 231,282.52,2,0.2,6.89,2024,Jul,2.44%
ORD10099,3/14/23,3/16/23,West,Technology,Phones,Phones Model 22,Customer 285,136.59,2,0,12.7,2023,Mar,9.30%
ORD10100,4/4/22,4/7/22,West,Furniture,Tables,Tables Model 2,Customer 212,47.22,3,0.3,9.03,2022,Apr,19.12%
ORD10101,1/28/23,2/1/23,Central,Technology,Machines,Machines Model 22,Customer 32,74.47,2,0.2,0.66,2023,Jan,0.89%
ORD10102,5/26/23,5/29/23,West,Technology,Accessories,Accessories Model 6,Customer 139,72.93,2,0.3,-2.23,2023,May,-3.06%
ORD10103,7/7/24,7/9/24,South,Office Supplies,Paper,Paper Model 20,Customer 12,421.26,6,0.2,34.29,2024,Jul,8.14%
ORD10104,5/11/22,5/12/22,South,Office Supplies,Storage,Storage Model 1,Customer 38,281.53,4,0.3,-0.31,2022,May,-0.11%
ORD10105,2/5/23,2/12/23,East,Technology,Accessories,Accessories Model 15,Customer 80,324.82,4,0,53.7,2023,Feb,16.53%
ORD10106,6/5/22,6/10/22,East,Technology,Phones,Phones Model 36,Customer 21,505.90,6,0.2,25.38,2022,Jun,5.02%
ORD10107,1/2/22,1/9/22,Central,Furniture,Chairs,Chairs Model 9,Customer 129,123.34,5,0,28,2022,Jan,22.70%
ORD10108,6/25/23,7/1/23,East,Office Supplies,Storage,Storage Model 20,Customer 269,83.33,1,0,15.08,2023,Jun,18.10%
ORD10109,8/24/24,8/29/24,East,Furniture,Tables,Tables Model 1,Customer 276,52.21,3,0,5.54,2024,Aug,10.61%
ORD10110,11/5/22,11/9/22,South,Office Supplies,Paper,Paper Model 34,Customer 121,153.09,6,0,11,2022,Nov,7.19%
ORD10111,7/15/23,7/17/23,East,Furniture,Tables,Tables Model 2,Customer 100,213.68,6,0.1,7.45,2023,Jul,3.49%
ORD10112,5/26/23,6/1/23,West,Technology,Accessories,Accessories Model 43,Customer 218,143.55,1,0.1,17.4,2023,May,12.12%
ORD10113,8/5/24,8/8/24,South,Furniture,Tables,Tables Model 24,Customer 203,195.76,1,0.1,23.56,2024,Aug,12.04%
ORD10114,7/22/22,7/23/22,West,Office Supplies,Storage,Storage Model 32,Customer 103,295.84,5,0,43.83,2022,Jul,14.82%
ORD10115,11/16/22,11/23/22,Central,Furniture,Chairs,Chairs Model 49,Customer 152,104.32,4,0,0.84,2022,Nov,0.81%
ORD10116,4/22/22,4/27/22,South,Office Supplies,Storage,Storage Model 27,Customer 29,191.43,2,0,31.03,2022,Apr,16.21%
ORD10117,8/29/24,9/3/24,East,Furniture,Tables,Tables Model 39,Customer 73,104.92,1,0,10.06,2024,Aug,9.59%
ORD10118,3/2/23,3/3/23,South,Technology,Phones,Phones Model 46,Customer 161,268.01,2,0.2,-1.01,2023,Mar,-0.38%
ORD10119,1/21/24,1/22/24,West,Furniture,Chairs,Chairs Model 42,Customer 269,177.16,3,0,13.13,2024,Jan,7.41%
ORD10120,2/4/24,2/8/24,Central,Furniture,Tables,Tables Model 22,Customer 227,94.19,6,0.2,-1.75,2024,Feb,-1.86%
ORD10121,6/23/22,6/24/22,Central,Furniture,Chairs,Chairs Model 27,Customer 64,269.41,3,0,37.13,2022,Jun,13.78%
ORD10122,7/29/23,8/5/23,South,Furniture,Tables,Tables Model 6,Customer 26,471.06,3,0.1,39.74,2023,Jul,8.44%
ORD10123,12/24/23,12/28/23,West,Furniture,Tables,Tables Model 21,Customer 187,49.80,5,0.2,6.93,2023,Dec,13.92%
ORD10124,1/26/24,1/30/24,South,Furniture,Bookcases,Bookcases Model 3,Customer 193,210.59,4,0,32.31,2024,Jan,15.34%
ORD10125,2/5/22,2/9/22,East,Furniture,Chairs,Chairs Model 39,Customer 174,146.61,3,0,19.64,2022,Feb,13.40%
ORD10126,1/7/23,1/10/23,Central,Office Supplies,Storage,Storage Model 18,Customer 153,300.13,1,0.1,40.07,2023,Jan,13.35%
ORD10127,1/4/22,1/10/22,West,Technology,Machines,Machines Model 7,Customer 244,203.59,1,0,32.49,2022,Jan,15.96%
ORD10128,1/3/24,1/7/24,West,Office Supplies,Paper,Paper Model 32,Customer 94,229.26,4,0.2,16.7,2024,Jan,7.28%
ORD10129,1/9/22,1/16/22,West,Technology,Accessories,Accessories Model 21,Customer 164,74.38,6,0,8.6,2022,Jan,11.56%
ORD10130,4/17/23,4/20/23,South,Technology,Phones,Phones Model 49,Customer 82,234.32,5,0,52.94,2023,Apr,22.59%
ORD10131,9/11/22,9/15/22,Central,Furniture,Bookcases,Bookcases Model 11,Customer 219,249.23,1,0.2,3.36,2022,Sep,1.35%
ORD10132,6/23/24,6/24/24,West,Furniture,Tables,Tables Model 7,Customer 216,218.07,5,0,20.81,2024,Jun,9.54%
ORD10133,5/26/23,6/1/23,South,Office Supplies,Binders,Binders Model 30,Customer 121,248.32,2,0,36.42,2023,May,14.67%
ORD10134,2/5/24,2/10/24,Central,Technology,Phones,Phones Model 37,Customer 138,344.51,3,0.1,33.96,2024,Feb,9.86%
ORD10135,1/17/23,1/20/23,West,Technology,Accessories,Accessories Model 12,Customer 126,195.01,2,0.2,-13.94,2023,Jan,-7.15%
ORD10136,8/30/22,9/1/22,East,Office Supplies,Storage,Storage Model 26,Customer 129,212.10,2,0.1,19.46,2022,Aug,9.17%
ORD10137,9/9/22,9/14/22,South,Technology,Phones,Phones Model 3,Customer 53,309.54,6,0,47.78,2022,Sep,15.44%
ORD10138,1/5/22,1/9/22,Central,Furniture,Tables,Tables Model 15,Customer 62,133.18,3,0,17.11,2022,Jan,12.85%
ORD10139,2/21/22,2/23/22,Central,Technology,Machines,Machines Model 33,Customer 92,594.36,2,0,96.18,2022,Feb,16.18%
ORD10140,4/5/23,4/10/23,Central,Office Supplies,Storage,Storage Model 14,Customer 20,213.18,1,0,39.85,2023,Apr,18.69%
ORD10141,1/13/23,1/16/23,East,Furniture,Chairs,Chairs Model 39,Customer 105,146.05,2,0.1,6.82,2023,Jan,4.67%
ORD10142,4/14/24,4/15/24,West,Office Supplies,Paper,Paper Model 40,Customer 160,412.19,6,0.1,34.18,2024,Apr,8.29%
ORD10143,3/21/22,3/23/22,East,Furniture,Tables,Tables Model 27,Customer 52,271.84,5,0.2,21.11,2022,Mar,7.77%
ORD10144,3/25/24,3/29/24,East,Technology,Machines,Machines Model 42,Customer 84,137.75,2,0.3,-15.3,2024,Mar,-11.11%
ORD10145,2/12/23,2/18/23,South,Office Supplies,Paper,Paper Model 4,Customer 160,121.95,3,0.1,10.46,2023,Feb,8.58%
ORD10146,2/3/24,2/8/24,Central,Office Supplies,Paper,Paper Model 42,Customer 101,281.00,4,0,14.53,2024,Feb,5.17%
ORD10147,2/5/23,2/11/23,West,Office Supplies,Binders,Binders Model 28,Customer 59,137.81,1,0.2,4.38,2023,Feb,3.18%
ORD10148,4/20/24,4/21/24,West,Office Supplies,Storage,Storage Model 9,Customer 8,115.14,3,0.2,2.22,2024,Apr,1.93%
ORD10149,2/22/22,2/27/22,Central,Furniture,Bookcases,Bookcases Model 48,Customer 259,151.60,4,0,13.33,2022,Feb,8.79%
ORD10150,6/25/22,6/27/22,West,Office Supplies,Paper,Paper Model 5,Customer 56,147.46,2,0.3,9.12,2022,Jun,6.18%
ORD10151,1/28/23,2/1/23,South,Furniture,Tables,Tables Model 21,Customer 28,115.01,2,0,14.19,2023,Jan,12.34%
ORD10152,9/15/23,9/21/23,West,Office Supplies,Binders,Binders Model 41,Customer 114,292.20,6,0.3,3.49,2023,Sep,1.19%
ORD10153,9/28/23,10/2/23,West,Technology,Phones,Phones Model 3,Customer 205,274.22,4,0,44.66,2023,Sep,16.29%
ORD10154,8/19/24,8/24/24,West,Furniture,Tables,Tables Model 16,Customer 99,577.96,3,0,78.39,2024,Aug,13.56%
ORD10155,2/12/22,2/17/22,East,Technology,Phones,Phones Model 25,Customer 234,268.04,6,0.1,34.09,2022,Feb,12.72%
ORD10156,7/18/23,7/25/23,Central,Technology,Accessories,Accessories Model 38,Customer 128,365.66,6,0.2,-9.66,2023,Jul,-2.64%
ORD10157,3/12/23,3/16/23,South,Technology,Accessories,Accessories Model 12,Customer 12,376.59,4,0.3,-9.13,2023,Mar,-2.42%
ORD10158,1/4/22,1/9/22,South,Office Supplies,Paper,Paper Model 12,Customer 243,207.82,2,0.2,3.15,2022,Jan,1.52%
ORD10159,2/14/23,2/15/23,Central,Furniture,Chairs,Chairs Model 6,Customer 227,205.65,3,0.2,-5.08,2023,Feb,-2.47%
ORD10160,6/1/23,6/6/23,East,Technology,Phones,Phones Model 47,Customer 161,186.22,1,0,31.05,2023,Jun,16.67%
ORD10161,3/7/24,3/13/24,South,Technology,Phones,Phones Model 42,Customer 70,50.66,1,0.3,1.02,2024,Mar,2.01%
ORD10162,1/27/22,2/3/22,West,Furniture,Bookcases,Bookcases Model 9,Customer 252,314.25,6,0,57.9,2022,Jan,18.42%
ORD10163,10/22/22,10/29/22,East,Furniture,Bookcases,Bookcases Model 23,Customer 130,423.82,6,0,65.84,2022,Oct,15.53%
ORD10164,6/12/22,6/15/22,Central,Technology,Accessories,Accessories Model 33,Customer 246,231.18,4,0,32.28,2022,Jun,13.96%
ORD10165,8/2/22,8/7/22,Central,Office Supplies,Storage,Storage Model 24,Customer 19,236.15,5,0,40.13,2022,Aug,16.99%
ORD10166,7/23/22,7/25/22,Central,Office Supplies,Binders,Binders Model 25,Customer 87,110.41,6,0.1,19.24,2022,Jul,17.43%
ORD10167,3/22/24,3/29/24,Central,Office Supplies,Binders,Binders Model 29,Customer 285,131.85,5,0,24.39,2024,Mar,18.50%
ORD10168,6/18/23,6/23/23,South,Technology,Phones,Phones Model 48,Customer 191,367.53,3,0.3,9.04,2023,Jun,2.46%
ORD10169,9/29/22,10/3/22,Central,Office Supplies,Storage,Storage Model 49,Customer 42,118.05,2,0.1,9.19,2022,Sep,7.78%
ORD10170,3/29/23,3/31/23,Central,Furniture,Bookcases,Bookcases Model 34,Customer 130,160.91,6,0,22.73,2023,Mar,14.13%
ORD10171,11/14/22,11/20/22,East,Technology,Machines,Machines Model 15,Customer 77,141.06,3,0,8.85,2022,Nov,6.27%
ORD10172,10/25/22,10/30/22,Central,Technology,Accessories,Accessories Model 4,Customer 68,93.39,4,0.3,7.24,2022,Oct,7.75%
ORD10173,5/16/23,5/18/23,East,Technology,Machines,Machines Model 1,Customer 291,222.46,1,0,34.96,2023,May,15.72%
ORD10174,12/30/22,1/2/23,West,Furniture,Bookcases,Bookcases Model 27,Customer 299,445.78,3,0.3,-18.76,2022,Dec,-4.21%
ORD10175,11/5/22,11/10/22,South,Furniture,Chairs,Chairs Model 11,Customer 69,262.23,3,0.3,6.77,2022,Nov,2.58%
ORD10176,1/15/22,1/22/22,East,Furniture,Bookcases,Bookcases Model 5,Customer 75,101.97,2,0.2,8.07,2022,Jan,7.91%
ORD10177,6/11/24,6/17/24,East,Office Supplies,Paper,Paper Model 42,Customer 288,236.48,3,0,36.65,2024,Jun,15.50%
ORD10178,7/3/24,7/6/24,South,Technology,Machines,Machines Model 16,Customer 85,133.90,5,0.2,-11.1,2024,Jul,-8.29%
ORD10179,7/14/24,7/15/24,South,Furniture,Chairs,Chairs Model 12,Customer 122,112.11,5,0,-6.64,2024,Jul,-5.92%
ORD10180,6/13/22,6/14/22,West,Furniture,Chairs,Chairs Model 10,Customer 212,120.44,5,0.3,-12.98,2022,Jun,-10.78%
ORD10181,7/24/22,7/29/22,West,Technology,Machines,Machines Model 33,Customer 159,266.64,5,0.2,3.16,2022,Jul,1.19%
ORD10182,3/7/22,3/10/22,East,Technology,Phones,Phones Model 25,Customer 224,144.82,6,0.2,-0.58,2022,Mar,-0.40%
ORD10183,2/3/24,2/7/24,West,Furniture,Bookcases,Bookcases Model 15,Customer 54,194.81,6,0.2,10.02,2024,Feb,5.14%
ORD10184,9/25/22,9/27/22,Central,Technology,Phones,Phones Model 46,Customer 27,409.86,1,0.1,36.11,2022,Sep,8.81%
ORD10185,9/30/22,10/6/22,Central,Technology,Machines,Machines Model 19,Customer 112,246.64,4,0.3,4.73,2022,Sep,1.92%
ORD10186,3/29/22,4/3/22,West,Furniture,Chairs,Chairs Model 11,Customer 168,128.40,3,0,6.66,2022,Mar,5.19%
ORD10187,7/16/22,7/20/22,South,Office Supplies,Storage,Storage Model 31,Customer 272,286.73,2,0.2,43.94,2022,Jul,15.32%
ORD10188,12/16/23,12/17/23,Central,Furniture,Tables,Tables Model 14,Customer 201,121.92,6,0,15.07,2023,Dec,12.36%
ORD10189,9/30/23,10/5/23,East,Furniture,Bookcases,Bookcases Model 2,Customer 58,209.70,2,0,29.38,2023,Sep,14.01%
ORD10190,4/20/22,4/25/22,East,Furniture,Tables,Tables Model 3,Customer 71,67.63,2,0,13.53,2022,Apr,20.01%
ORD10191,12/11/23,12/17/23,East,Technology,Phones,Phones Model 5,Customer 187,176.44,6,0,18.17,2023,Dec,10.30%
ORD10192,7/24/22,7/31/22,East,Technology,Machines,Machines Model 16,Customer 106,325.26,1,0.2,7.33,2022,Jul,2.25%
ORD10193,7/28/22,7/29/22,Central,Furniture,Chairs,Chairs Model 31,Customer 52,556.62,6,0,87.77,2022,Jul,15.77%
ORD10194,5/16/22,5/17/22,Central,Technology,Phones,Phones Model 28,Customer 134,292.07,3,0.1,9.79,2022,May,3.35%
ORD10195,1/22/22,1/25/22,Central,Office Supplies,Paper,Paper Model 50,Customer 258,188.35,1,0.1,7.6,2022,Jan,4.04%
ORD10196,5/3/23,5/10/23,South,Office Supplies,Storage,Storage Model 2,Customer 224,367.29,6,0,48.43,2023,May,13.19%
ORD10197,6/16/23,6/23/23,West,Furniture,Tables,Tables Model 46,Customer 47,410.79,4,0,33.23,2023,Jun,8.09%
ORD10198,8/12/23,8/19/23,West,Office Supplies,Binders,Binders Model 19,Customer 28,339.62,4,0,57.52,2023,Aug,16.94%
ORD10199,1/5/22,1/8/22,South,Office Supplies,Binders,Binders Model 38,Customer 178,241.56,4,0,37.68,2022,Jan,15.60%
ORD10200,9/7/24,9/14/24,Central,Technology,Accessories,Accessories Model 14,Customer 119,229.22,5,0,47.35,2024,Sep,20.66%
ORD10201,5/26/23,5/28/23,East,Furniture,Bookcases,Bookcases Model 41,Customer 168,285.78,1,0.2,7.82,2023,May,2.74%
ORD10202,12/31/22,1/1/23,South,Office Supplies,Paper,Paper Model 42,Customer 13,237.10,6,0,28.44,2022,Dec,11.99%
ORD10203,1/16/23,1/18/23,West,Office Supplies,Paper,Paper Model 25,Customer 120,400.75,4,0.3,-19.43,2023,Jan,-4.85%
ORD10204,8/24/24,8/28/24,East,Furniture,Bookcases,Bookcases Model 23,Customer 298,399.60,5,0.3,3.02,2024,Aug,0.76%
ORD10205,12/1/22,12/6/22,Central,Furniture,Tables,Tables Model 11,Customer 238,360.23,6,0.3,-18.72,2022,Dec,-5.20%
ORD10206,3/26/23,4/1/23,Central,Office Supplies,Storage,Storage Model 30,Customer 122,217.23,2,0,43.39,2023,Mar,19.97%
ORD10207,6/4/23,6/6/23,West,Office Supplies,Paper,Paper Model 47,Customer 80,119.10,6,0.3,-6.9,2023,Jun,-5.79%
ORD10208,9/25/24,9/27/24,Central,Technology,Accessories,Accessories Model 11,Customer 121,291.71,5,0.3,3.38,2024,Sep,1.16%
ORD10209,12/2/22,12/4/22,East,Office Supplies,Storage,Storage Model 13,Customer 197,142.10,1,0,25.54,2022,Dec,17.97%
ORD10210,6/4/22,6/6/22,Central,Office Supplies,Storage,Storage Model 13,Customer 56,67.54,3,0.2,-14.43,2022,Jun,-21.37%
ORD10211,10/16/23,10/17/23,East,Office Supplies,Binders,Binders Model 1,Customer 205,443.19,4,0.2,32.94,2023,Oct,7.43%
ORD10212,5/24/24,5/31/24,Central,Office Supplies,Storage,Storage Model 30,Customer 12,188.81,2,0.3,16.58,2024,May,8.78%
ORD10213,5/26/22,5/29/22,West,Technology,Machines,Machines Model 28,Customer 294,354.17,4,0,54.97,2022,May,15.52%
ORD10214,8/25/23,8/31/23,West,Technology,Accessories,Accessories Model 44,Customer 93,128.44,2,0.3,6.23,2023,Aug,4.85%
ORD10215,10/19/23,10/20/23,East,Office Supplies,Paper,Paper Model 27,Customer 125,199.39,3,0.1,26.13,2023,Oct,13.10%
ORD10216,3/12/24,3/16/24,Central,Technology,Machines,Machines Model 28,Customer 248,300.85,6,0,46.85,2024,Mar,15.57%
ORD10217,4/12/23,4/13/23,Central,Technology,Accessories,Accessories Model 50,Customer 6,85.68,5,0,10.26,2023,Apr,11.97%
ORD10218,2/3/23,2/10/23,West,Office Supplies,Binders,Binders Model 11,Customer 103,325.79,1,0.1,18.73,2023,Feb,5.75%
ORD10219,6/16/23,6/19/23,West,Furniture,Bookcases,Bookcases Model 46,Customer 244,320.14,4,0.3,10.6,2023,Jun,3.31%
ORD10220,6/9/23,6/10/23,South,Technology,Accessories,Accessories Model 48,Customer 234,100.23,5,0.1,24.42,2023,Jun,24.36%
ORD10221,8/4/22,8/10/22,Central,Furniture,Tables,Tables Model 41,Customer 29,200.93,5,0,43.36,2022,Aug,21.58%
ORD10222,9/16/22,9/19/22,East,Office Supplies,Paper,Paper Model 27,Customer 216,296.23,1,0,33.96,2022,Sep,11.46%
ORD10223,10/6/23,10/12/23,East,Technology,Accessories,Accessories Model 15,Customer 156,351.76,5,0.1,32.36,2023,Oct,9.20%
ORD10224,1/30/24,2/3/24,West,Technology,Phones,Phones Model 11,Customer 67,246.70,4,0.2,21.18,2024,Jan,8.59%
ORD10225,8/9/24,8/16/24,West,Furniture,Bookcases,Bookcases Model 10,Customer 181,386.36,2,0.2,21.84,2024,Aug,5.65%
ORD10226,11/14/23,11/20/23,West,Office Supplies,Paper,Paper Model 50,Customer 241,263.54,3,0.3,-0.15,2023,Nov,-0.06%
ORD10227,12/30/22,1/6/23,Central,Furniture,Tables,Tables Model 28,Customer 96,600.50,6,0.2,29.12,2022,Dec,4.85%
ORD10228,5/9/23,5/10/23,Central,Technology,Accessories,Accessories Model 21,Customer 246,462.03,3,0,70.32,2023,May,15.22%
ORD10229,5/12/23,5/16/23,West,Technology,Machines,Machines Model 20,Customer 198,169.54,1,0.1,10.76,2023,May,6.35%
ORD10230,2/28/22,3/1/22,Central,Technology,Accessories,Accessories Model 41,Customer 299,530.04,2,0.3,-22.5,2022,Feb,-4.24%
ORD10231,1/16/22,1/22/22,Central,Furniture,Chairs,Chairs Model 39,Customer 52,280.03,1,0.1,9.91,2022,Jan,3.54%
ORD10232,8/16/23,8/18/23,West,Furniture,Chairs,Chairs Model 14,Customer 207,191.22,4,0.1,6.3,2023,Aug,3.29%
ORD10233,3/21/24,3/26/24,East,Furniture,Bookcases,Bookcases Model 43,Customer 281,400.46,6,0.3,-19.62,2024,Mar,-4.90%
ORD10234,3/17/24,3/23/24,East,Office Supplies,Binders,Binders Model 48,Customer 225,257.70,4,0,39.39,2024,Mar,15.29%
ORD10235,11/19/23,11/20/23,West,Technology,Phones,Phones Model 9,Customer 243,121.46,3,0.2,5.55,2023,Nov,4.57%
ORD10236,5/20/23,5/25/23,South,Furniture,Tables,Tables Model 16,Customer 256,224.84,4,0,38.38,2023,May,17.07%
ORD10237,6/18/22,6/23/22,Central,Technology,Machines,Machines Model 30,Customer 289,353.77,1,0,38.31,2022,Jun,10.83%
ORD10238,5/25/23,5/31/23,South,Office Supplies,Paper,Paper Model 44,Customer 39,154.66,3,0.2,-22.27,2023,May,-14.40%
ORD10239,7/4/22,7/10/22,East,Office Supplies,Storage,Storage Model 40,Customer 24,59.86,6,0,4.75,2022,Jul,7.94%
ORD10240,11/30/23,12/6/23,South,Office Supplies,Binders,Binders Model 49,Customer 74,154.08,5,0.2,3.27,2023,Nov,2.12%
ORD10241,2/4/22,2/6/22,Central,Technology,Accessories,Accessories Model 7,Customer 188,150.30,6,0,25.5,2022,Feb,16.97%
ORD10242,12/16/22,12/20/22,South,Technology,Machines,Machines Model 22,Customer 217,252.32,2,0.1,9.69,2022,Dec,3.84%
ORD10243,9/15/22,9/20/22,South,Furniture,Tables,Tables Model 26,Customer 171,116.31,3,0.1,-2.02,2022,Sep,-1.74%
ORD10244,5/31/23,6/3/23,East,Technology,Accessories,Accessories Model 22,Customer 99,356.62,2,0.2,23.41,2023,May,6.56%
ORD10245,11/21/22,11/27/22,East,Office Supplies,Binders,Binders Model 26,Customer 284,401.09,5,0,57.74,2022,Nov,14.40%
ORD10246,6/25/24,6/29/24,Central,Technology,Machines,Machines Model 7,Customer 4,158.68,1,0.2,-0.73,2024,Jun,-0.46%
ORD10247,2/17/22,2/19/22,South,Office Supplies,Storage,Storage Model 40,Customer 76,419.27,6,0,65.28,2022,Feb,15.57%
ORD10248,10/4/23,10/10/23,West,Technology,Machines,Machines Model 3,Customer 235,169.92,5,0,12.24,2023,Oct,7.20%
ORD10249,10/3/23,10/10/23,East,Furniture,Chairs,Chairs Model 27,Customer 52,87.86,6,0,10.87,2023,Oct,12.37%
ORD10250,7/25/24,7/31/24,Central,Furniture,Tables,Tables Model 20,Customer 95,68.00,2,0.1,1.85,2024,Jul,2.72%
ORD10251,3/8/23,3/9/23,East,Office Supplies,Binders,Binders Model 32,Customer 291,118.83,4,0.3,-9.24,2023,Mar,-7.78%
ORD10252,6/19/23,6/20/23,South,Furniture,Tables,Tables Model 5,Customer 8,176.24,5,0.2,22.07,2023,Jun,12.52%
ORD10253,11/28/23,12/2/23,South,Technology,Machines,Machines Model 50,Customer 212,41.36,6,0,0.17,2023,Nov,0.41%
ORD10254,7/16/23,7/17/23,West,Furniture,Bookcases,Bookcases Model 41,Customer 8,321.34,4,0,40.74,2023,Jul,12.68%
ORD10255,3/14/23,3/15/23,East,Furniture,Bookcases,Bookcases Model 14,Customer 63,135.85,6,0,28.29,2023,Mar,20.82%
ORD10256,5/13/22,5/17/22,West,Furniture,Tables,Tables Model 29,Customer 96,322.13,6,0.3,1.49,2022,May,0.46%
ORD10257,8/2/24,8/3/24,East,Office Supplies,Storage,Storage Model 19,Customer 286,77.12,6,0,14.44,2024,Aug,18.72%
ORD10258,12/28/23,1/1/24,East,Office Supplies,Storage,Storage Model 1,Customer 32,48.70,3,0,1.14,2023,Dec,2.34%
ORD10259,1/16/22,1/22/22,Central,Technology,Machines,Machines Model 20,Customer 85,93.91,1,0.2,6.19,2022,Jan,6.59%
ORD10260,9/7/24,9/14/24,Central,Office Supplies,Storage,Storage Model 37,Customer 225,565.26,1,0.1,58.13,2024,Sep,10.28%
ORD10261,4/27/23,5/3/23,West,Furniture,Chairs,Chairs Model 41,Customer 214,340.54,1,0.1,32.07,2023,Apr,9.42%
ORD10262,5/4/23,5/8/23,Central,Office Supplies,Paper,Paper Model 18,Customer 32,123.64,5,0.1,27.15,2023,May,21.96%
ORD10263,9/29/23,10/5/23,East,Technology,Machines,Machines Model 10,Customer 159,360.69,3,0.3,-8.77,2023,Sep,-2.43%
ORD10264,8/22/23,8/26/23,West,Furniture,Tables,Tables Model 29,Customer 146,158.99,4,0.2,14.23,2023,Aug,8.95%
ORD10265,12/7/23,12/8/23,West,Office Supplies,Paper,Paper Model 38,Customer 22,273.07,3,0.2,20.61,2023,Dec,7.55%
ORD10266,10/23/22,10/30/22,South,Furniture,Bookcases,Bookcases Model 23,Customer 274,461.40,2,0.1,45.62,2022,Oct,9.89%
ORD10267,3/29/22,4/3/22,West,Technology,Accessories,Accessories Model 20,Customer 30,318.84,4,0,44.86,2022,Mar,14.07%
ORD10268,11/25/23,11/29/23,East,Office Supplies,Storage,Storage Model 25,Customer 236,242.65,2,0.1,21.55,2023,Nov,8.88%
ORD10269,7/8/23,7/9/23,South,Technology,Accessories,Accessories Model 38,Customer 267,132.56,1,0,6.74,2023,Jul,5.08%
ORD10270,7/7/24,7/10/24,West,Technology,Accessories,Accessories Model 13,Customer 109,247.73,4,0.3,9.26,2024,Jul,3.74%
ORD10271,7/16/22,7/17/22,Central,Furniture,Bookcases,Bookcases Model 26,Customer 265,46.39,3,0.1,9.78,2022,Jul,21.08%
ORD10272,5/27/24,5/29/24,East,Furniture,Chairs,Chairs Model 24,Customer 238,146.73,4,0.1,-0.95,2024,May,-0.65%
ORD10273,3/17/24,3/18/24,Central,Furniture,Tables,Tables Model 18,Customer 266,298.35,5,0,44.79,2024,Mar,15.01%
ORD10274,9/14/23,9/15/23,South,Furniture,Chairs,Chairs Model 38,Customer 291,165.58,2,0.3,4.49,2023,Sep,2.71%
ORD10275,8/7/22,8/10/22,West,Office Supplies,Paper,Paper Model 17,Customer 20,118.16,1,0.2,6.27,2022,Aug,5.31%
ORD10276,12/13/22,12/15/22,East,Furniture,Tables,Tables Model 3,Customer 286,184.25,1,0,22.56,2022,Dec,12.24%
ORD10277,1/14/23,1/21/23,South,Technology,Accessories,Accessories Model 8,Customer 47,198.87,4,0,29.11,2023,Jan,14.64%
ORD10278,9/21/22,9/24/22,South,Technology,Phones,Phones Model 12,Customer 230,87.97,6,0,17.57,2022,Sep,19.97%
ORD10279,5/20/24,5/22/24,West,Office Supplies,Binders,Binders Model 3,Customer 132,334.50,6,0,45.59,2024,May,13.63%
ORD10280,8/21/24,8/24/24,Central,Furniture,Bookcases,Bookcases Model 33,Customer 248,205.64,1,0,29.4,2024,Aug,14.30%
ORD10281,2/27/22,2/28/22,Central,Furniture,Tables,Tables Model 38,Customer 226,407.40,1,0,67.34,2022,Feb,16.53%
ORD10282,2/16/24,2/22/24,Central,Furniture,Tables,Tables Model 25,Customer 64,327.34,3,0.1,31.43,2024,Feb,9.60%
ORD10283,1/19/23,1/23/23,West,Office Supplies,Binders,Binders Model 44,Customer 7,58.93,4,0,-0.29,2023,Jan,-0.49%
ORD10284,4/25/23,5/1/23,East,Furniture,Chairs,Chairs Model 40,Customer 192,178.07,2,0,23.31,2023,Apr,13.09%
ORD10285,6/29/24,7/5/24,East,Furniture,Tables,Tables Model 41,Customer 39,219.67,1,0.2,-8.27,2024,Jun,-3.76%
ORD10286,4/9/23,4/12/23,Central,Office Supplies,Binders,Binders Model 10,Customer 170,126.75,4,0,4.74,2023,Apr,3.74%
ORD10287,8/15/22,8/21/22,West,Furniture,Chairs,Chairs Model 29,Customer 77,95.85,6,0.2,19.08,2022,Aug,19.91%
ORD10288,9/30/22,10/4/22,Central,Office Supplies,Binders,Binders Model 37,Customer 152,355.70,2,0,42.35,2022,Sep,11.91%
ORD10289,12/9/22,12/16/22,Central,Furniture,Tables,Tables Model 30,Customer 248,87.13,4,0,13.36,2022,Dec,15.33%
ORD10290,4/27/22,4/29/22,South,Technology,Phones,Phones Model 19,Customer 62,305.01,6,0,38.23,2022,Apr,12.53%
ORD10291,9/21/22,9/28/22,West,Furniture,Tables,Tables Model 16,Customer 50,28.23,4,0.1,3.36,2022,Sep,11.90%
ORD10292,2/4/23,2/7/23,West,Office Supplies,Binders,Binders Model 41,Customer 9,310.63,1,0.1,50.55,2023,Feb,16.27%
ORD10293,3/29/23,4/5/23,South,Technology,Accessories,Accessories Model 1,Customer 270,201.71,5,0,22.1,2023,Mar,10.96%
ORD10294,10/21/22,10/23/22,West,Office Supplies,Paper,Paper Model 18,Customer 293,276.13,1,0.2,13.21,2022,Oct,4.78%
ORD10295,7/5/22,7/7/22,West,Furniture,Bookcases,Bookcases Model 39,Customer 41,306.41,2,0,42.73,2022,Jul,13.95%
ORD10296,4/28/24,4/29/24,West,Technology,Machines,Machines Model 14,Customer 71,558.80,4,0.1,62.72,2024,Apr,11.22%
ORD10297,9/20/23,9/26/23,Central,Technology,Machines,Machines Model 13,Customer 6,265.16,2,0.3,-2.87,2023,Sep,-1.08%
ORD10298,3/9/22,3/15/22,Central,Technology,Machines,Machines Model 22,Customer 145,92.64,4,0,2.23,2022,Mar,2.41%
ORD10299,5/12/24,5/18/24,South,Office Supplies,Binders,Binders Model 9,Customer 137,227.70,1,0.2,17.88,2024,May,7.85%
ORD10300,9/12/22,9/14/22,Central,Technology,Accessories,Accessories Model 37,Customer 3,217.82,1,0,26.27,2022,Sep,12.06%
ORD10301,12/31/22,1/5/23,Central,Office Supplies,Storage,Storage Model 46,Customer 126,198.97,1,0,26.72,2022,Dec,13.43%
ORD10302,4/16/24,4/23/24,East,Office Supplies,Storage,Storage Model 19,Customer 56,129.69,4,0.3,-3.21,2024,Apr,-2.48%
ORD10303,9/3/24,9/9/24,West,Office Supplies,Paper,Paper Model 2,Customer 125,128.74,5,0,16.93,2024,Sep,13.15%
ORD10304,9/17/24,9/18/24,East,Furniture,Bookcases,Bookcases Model 20,Customer 129,159.50,2,0,35.91,2024,Sep,22.51%
ORD10305,7/23/23,7/30/23,Central,Furniture,Chairs,Chairs Model 2,Customer 296,397.18,1,0,66.97,2023,Jul,16.86%
ORD10306,4/21/23,4/26/23,Central,Furniture,Bookcases,Bookcases Model 7,Customer 92,313.62,4,0,62.9,2023,Apr,20.06%
ORD10307,2/16/22,2/19/22,Central,Furniture,Tables,Tables Model 8,Customer 63,249.20,4,0.3,12.9,2022,Feb,5.18%
ORD10308,5/5/22,5/9/22,West,Furniture,Bookcases,Bookcases Model 10,Customer 294,179.28,5,0,20.17,2022,May,11.25%
ORD10309,4/19/23,4/25/23,South,Office Supplies,Binders,Binders Model 39,Customer 270,86.76,1,0.2,-6.85,2023,Apr,-7.90%
ORD10310,2/7/22,2/11/22,West,Furniture,Tables,Tables Model 22,Customer 224,104.36,3,0.2,31.16,2022,Feb,29.86%
ORD10311,5/13/24,5/18/24,Central,Office Supplies,Paper,Paper Model 34,Customer 76,168.61,5,0,10.08,2024,May,5.98%
ORD10312,9/7/24,9/13/24,Central,Office Supplies,Binders,Binders Model 7,Customer 272,322.74,4,0,55.95,2024,Sep,17.34%
ORD10313,7/11/22,7/12/22,East,Office Supplies,Paper,Paper Model 15,Customer 72,233.51,2,0.3,8.9,2022,Jul,3.81%
ORD10314,3/7/23,3/11/23,East,Office Supplies,Storage,Storage Model 42,Customer 137,444.70,1,0,77.4,2023,Mar,17.40%
ORD10315,7/28/24,8/3/24,East,Technology,Accessories,Accessories Model 40,Customer 52,87.53,6,0.3,-19.33,2024,Jul,-22.08%
ORD10316,9/14/22,9/15/22,East,Technology,Phones,Phones Model 19,Customer 58,106.47,4,0,12.82,2022,Sep,12.04%
ORD10317,11/9/22,11/12/22,Central,Technology,Phones,Phones Model 6,Customer 239,265.35,1,0,31.44,2022,Nov,11.85%
ORD10318,8/28/23,9/2/23,West,Furniture,Tables,Tables Model 19,Customer 209,409.46,1,0.3,-3.05,2023,Aug,-0.74%
ORD10319,8/15/23,8/18/23,Central,Office Supplies,Binders,Binders Model 30,Customer 292,227.90,6,0,19.61,2023,Aug,8.60%
ORD10320,8/15/22,8/21/22,South,Office Supplies,Binders,Binders Model 36,Customer 156,272.02,5,0.1,29.03,2022,Aug,10.67%
ORD10321,9/20/23,9/24/23,Central,Office Supplies,Paper,Paper Model 15,Customer 97,336.67,1,0,48.85,2023,Sep,14.51%
ORD10322,6/9/23,6/14/23,Central,Office Supplies,Storage,Storage Model 11,Customer 123,483.59,4,0,83.01,2023,Jun,17.17%
ORD10323,11/28/22,12/3/22,West,Office Supplies,Paper,Paper Model 19,Customer 30,196.56,3,0.1,18.51,2022,Nov,9.42%
ORD10324,3/1/24,3/2/24,Central,Furniture,Bookcases,Bookcases Model 29,Customer 32,159.28,1,0.3,0.33,2024,Mar,0.21%
ORD10325,6/14/23,6/18/23,West,Office Supplies,Paper,Paper Model 44,Customer 80,364.84,6,0,65.43,2023,Jun,17.93%
ORD10326,3/3/23,3/6/23,Central,Technology,Accessories,Accessories Model 34,Customer 49,373.17,2,0,63.34,2023,Mar,16.97%
ORD10327,1/27/24,2/3/24,South,Technology,Accessories,Accessories Model 7,Customer 3,217.45,3,0,38.53,2024,Jan,17.72%
ORD10328,2/25/23,3/4/23,South,Technology,Machines,Machines Model 37,Customer 77,498.76,1,0.2,19.54,2023,Feb,3.92%
ORD10329,3/4/23,3/11/23,South,Office Supplies,Storage,Storage Model 29,Customer 235,213.96,5,0,31.88,2023,Mar,14.90%
ORD10330,10/22/22,10/28/22,South,Office Supplies,Paper,Paper Model 42,Customer 165,451.87,3,0.2,28.84,2022,Oct,6.38%
ORD10331,1/7/22,1/14/22,Central,Technology,Accessories,Accessories Model 12,Customer 275,287.47,4,0.2,20.65,2022,Jan,7.18%
ORD10332,11/8/22,11/15/22,West,Furniture,Tables,Tables Model 6,Customer 170,321.90,5,0.2,27.59,2022,Nov,8.57%
ORD10333,11/28/22,12/5/22,South,Technology,Phones,Phones Model 1,Customer 14,177.84,3,0,31.81,2022,Nov,17.89%
ORD10334,2/18/22,2/21/22,Central,Technology,Accessories,Accessories Model 35,Customer 224,302.54,3,0.3,6.84,2022,Feb,2.26%
ORD10335,6/14/23,6/21/23,South,Technology,Machines,Machines Model 30,Customer 184,275.64,6,0.2,11.85,2023,Jun,4.30%
ORD10336,2/11/22,2/16/22,East,Technology,Accessories,Accessories Model 34,Customer 118,213.32,4,0,19.86,2022,Feb,9.31%
ORD10337,4/12/22,4/16/22,West,Office Supplies,Storage,Storage Model 13,Customer 216,227.39,4,0.3,11.44,2022,Apr,5.03%
ORD10338,5/14/23,5/18/23,East,Office Supplies,Storage,Storage Model 11,Customer 186,366.88,5,0.1,47.31,2023,May,12.90%
ORD10339,11/22/22,11/25/22,East,Furniture,Tables,Tables Model 42,Customer 151,275.60,5,0,29.03,2022,Nov,10.53%
ORD10340,12/8/23,12/11/23,Central,Technology,Accessories,Accessories Model 33,Customer 107,424.12,6,0,79.48,2023,Dec,18.74%
ORD10341,6/2/23,6/4/23,East,Office Supplies,Binders,Binders Model 23,Customer 292,150.31,1,0.3,1.7,2023,Jun,1.13%
ORD10342,10/9/23,10/15/23,East,Technology,Phones,Phones Model 1,Customer 158,397.06,6,0.2,36.74,2023,Oct,9.25%
ORD10343,12/29/23,1/4/24,East,Technology,Phones,Phones Model 38,Customer 8,203.74,3,0.2,6.55,2023,Dec,3.21%
ORD10344,11/16/23,11/17/23,Central,Furniture,Chairs,Chairs Model 42,Customer 273,290.42,4,0.3,-4.88,2023,Nov,-1.68%
ORD10345,6/11/23,6/13/23,East,Technology,Phones,Phones Model 10,Customer 81,145.54,4,0.3,-8.47,2023,Jun,-5.82%
ORD10346,6/15/23,6/22/23,East,Technology,Phones,Phones Model 11,Customer 268,377.92,1,0,57.56,2023,Jun,15.23%
ORD10347,5/18/23,5/25/23,East,Office Supplies,Storage,Storage Model 44,Customer 297,259.49,4,0,33.01,2023,May,12.72%
ORD10348,11/27/22,11/29/22,West,Technology,Phones,Phones Model 3,Customer 137,151.75,3,0.1,7.01,2022,Nov,4.62%
ORD10349,10/6/23,10/7/23,South,Technology,Phones,Phones Model 40,Customer 198,137.22,3,0,23.62,2023,Oct,17.21%
ORD10350,1/21/22,1/22/22,South,Furniture,Tables,Tables Model 4,Customer 123,146.33,5,0,20.81,2022,Jan,14.22%
ORD10351,9/13/22,9/15/22,Central,Furniture,Chairs,Chairs Model 1,Customer 234,368.41,5,0,56.49,2022,Sep,15.33%
ORD10352,11/7/22,11/11/22,West,Technology,Accessories,Accessories Model 44,Customer 200,413.18,4,0,42.38,2022,Nov,10.26%
ORD10353,11/23/23,11/29/23,South,Technology,Phones,Phones Model 46,Customer 249,129.58,4,0.1,24.8,2023,Nov,19.14%
ORD10354,1/23/22,1/30/22,Central,Furniture,Chairs,Chairs Model 25,Customer 96,271.39,2,0,36.52,2022,Jan,13.46%
ORD10355,1/8/22,1/11/22,Central,Office Supplies,Storage,Storage Model 35,Customer 198,498.73,3,0,80.88,2022,Jan,16.22%
ORD10356,12/10/22,12/14/22,Central,Technology,Phones,Phones Model 36,Customer 126,279.02,1,0.2,22.81,2022,Dec,8.18%
ORD10357,2/1/23,2/3/23,South,Office Supplies,Paper,Paper Model 3,Customer 143,111.57,3,0,19.51,2023,Feb,17.49%
ORD10358,11/12/23,11/13/23,East,Office Supplies,Binders,Binders Model 13,Customer 139,618.56,2,0,99.16,2023,Nov,16.03%
ORD10359,7/12/23,7/19/23,West,Furniture,Bookcases,Bookcases Model 11,Customer 189,100.52,4,0.2,11.49,2023,Jul,11.43%
ORD10360,12/28/22,12/30/22,West,Technology,Accessories,Accessories Model 20,Customer 244,171.70,4,0.3,-13.28,2022,Dec,-7.73%
ORD10361,6/1/23,6/3/23,Central,Furniture,Tables,Tables Model 39,Customer 226,222.22,6,0,31.63,2023,Jun,14.23%
ORD10362,8/25/23,8/28/23,West,Technology,Phones,Phones Model 9,Customer 63,89.22,4,0.3,-8.9,2023,Aug,-9.98%
ORD10363,11/26/23,12/1/23,East,Furniture,Bookcases,Bookcases Model 43,Customer 291,55.28,3,0.2,-0.01,2023,Nov,-0.02%
ORD10364,5/29/22,6/1/22,West,Furniture,Tables,Tables Model 50,Customer 119,95.17,6,0,20.39,2022,May,21.42%
ORD10365,11/25/22,11/27/22,Central,Technology,Phones,Phones Model 33,Customer 153,254.84,1,0.3,-5.61,2022,Nov,-2.20%
ORD10366,7/17/22,7/18/22,Central,Technology,Accessories,Accessories Model 9,Customer 205,343.67,1,0,39.63,2022,Jul,11.53%
ORD10367,10/17/22,10/20/22,Central,Office Supplies,Paper,Paper Model 12,Customer 16,47.46,6,0,16.41,2022,Oct,34.58%
ORD10368,1/11/23,1/17/23,East,Technology,Machines,Machines Model 43,Customer 237,193.55,3,0.2,16.76,2023,Jan,8.66%
ORD10369,9/12/22,9/19/22,West,Office Supplies,Paper,Paper Model 19,Customer 59,325.97,6,0,53.3,2022,Sep,16.35%
ORD10370,10/5/22,10/10/22,South,Technology,Phones,Phones Model 3,Customer 83,384.29,6,0,33.3,2022,Oct,8.67%
ORD10371,3/18/23,3/20/23,Central,Office Supplies,Binders,Binders Model 41,Customer 92,190.68,4,0,40.95,2023,Mar,21.48%
ORD10372,8/2/23,8/9/23,Central,Furniture,Bookcases,Bookcases Model 28,Customer 295,137.87,4,0.3,0.45,2023,Aug,0.33%
ORD10373,12/24/22,12/25/22,East,Furniture,Bookcases,Bookcases Model 16,Customer 57,231.83,3,0,46.34,2022,Dec,19.99%
ORD10374,2/8/22,2/15/22,South,Office Supplies,Binders,Binders Model 45,Customer 202,82.26,3,0,2.58,2022,Feb,3.14%
ORD10375,2/5/24,2/10/24,Central,Furniture,Tables,Tables Model 28,Customer 227,71.81,5,0,1.81,2024,Feb,2.52%
ORD10376,8/10/24,8/13/24,East,Technology,Machines,Machines Model 44,Customer 106,156.98,6,0.2,7.32,2024,Aug,4.66%
ORD10377,3/15/23,3/21/23,East,Technology,Phones,Phones Model 45,Customer 287,353.79,4,0,51.48,2023,Mar,14.55%
ORD10378,9/25/22,9/27/22,Central,Technology,Phones,Phones Model 16,Customer 31,347.91,6,0,53.53,2022,Sep,15.39%
ORD10379,6/22/22,6/25/22,Central,Office Supplies,Paper,Paper Model 9,Customer 70,330.06,1,0,64.29,2022,Jun,19.48%
ORD10380,12/4/23,12/10/23,West,Office Supplies,Storage,Storage Model 1,Customer 264,185.22,4,0,25.07,2023,Dec,13.54%
ORD10381,12/10/23,12/14/23,West,Furniture,Bookcases,Bookcases Model 46,Customer 73,246.77,3,0.1,16.76,2023,Dec,6.79%
ORD10382,8/25/23,8/30/23,South,Furniture,Tables,Tables Model 49,Customer 87,448.72,6,0,43.87,2023,Aug,9.78%
ORD10383,11/25/23,12/1/23,West,Furniture,Bookcases,Bookcases Model 8,Customer 149,200.39,4,0.2,-4.58,2023,Nov,-2.29%
ORD10384,1/13/22,1/16/22,Central,Office Supplies,Binders,Binders Model 20,Customer 101,314.97,1,0,47.8,2022,Jan,15.18%
ORD10385,4/24/22,4/30/22,Central,Office Supplies,Paper,Paper Model 29,Customer 240,146.44,1,0,40.26,2022,Apr,27.49%
ORD10386,8/6/23,8/9/23,East,Office Supplies,Binders,Binders Model 1,Customer 240,361.32,5,0,59.73,2023,Aug,16.53%
ORD10387,2/8/24,2/12/24,Central,Furniture,Bookcases,Bookcases Model 7,Customer 251,172.79,6,0.1,20.67,2024,Feb,11.96%
ORD10388,9/6/24,9/10/24,East,Office Supplies,Binders,Binders Model 23,Customer 47,312.97,5,0.1,38.43,2024,Sep,12.28%
ORD10389,10/22/23,10/25/23,West,Technology,Machines,Machines Model 6,Customer 71,206.62,6,0.1,20.46,2023,Oct,9.90%
ORD10390,2/5/24,2/6/24,Central,Furniture,Tables,Tables Model 12,Customer 270,340.28,2,0.1,21.21,2024,Feb,6.23%
ORD10391,5/16/24,5/22/24,Central,Furniture,Chairs,Chairs Model 25,Customer 95,407.24,6,0.1,26.51,2024,May,6.51%
ORD10392,10/25/23,11/1/23,West,Office Supplies,Paper,Paper Model 36,Customer 190,136.65,2,0.1,9.32,2023,Oct,6.82%
ORD10393,5/7/24,5/14/24,East,Office Supplies,Binders,Binders Model 37,Customer 207,300.46,1,0,57.53,2024,May,19.15%
ORD10394,7/15/24,7/16/24,West,Furniture,Tables,Tables Model 20,Customer 298,167.06,4,0.2,10.85,2024,Jul,6.49%
ORD10395,10/4/23,10/5/23,West,Furniture,Bookcases,Bookcases Model 29,Customer 206,191.87,2,0,33.53,2023,Oct,17.48%
ORD10396,4/2/22,4/3/22,Central,Office Supplies,Paper,Paper Model 1,Customer 17,380.91,2,0,69.28,2022,Apr,18.19%
ORD10397,5/11/24,5/16/24,East,Technology,Accessories,Accessories Model 43,Customer 29,213.55,2,0.1,12.11,2024,May,5.67%
ORD10398,6/11/23,6/17/23,East,Office Supplies,Paper,Paper Model 43,Customer 91,349.55,1,0.2,7.75,2023,Jun,2.22%
ORD10399,7/14/24,7/20/24,South,Furniture,Tables,Tables Model 37,Customer 179,137.13,3,0,25.15,2024,Jul,18.34%
ORD10400,8/5/23,8/7/23,South,Office Supplies,Binders,Binders Model 28,Customer 274,202.16,5,0.1,21.73,2023,Aug,10.75%
ORD10401,7/19/24,7/25/24,East,Furniture,Tables,Tables Model 4,Customer 170,206.28,5,0.3,3.04,2024,Jul,1.47%
ORD10402,9/16/23,9/22/23,Central,Office Supplies,Storage,Storage Model 31,Customer 71,195.85,5,0.2,11.72,2023,Sep,5.98%
ORD10403,11/3/22,11/10/22,West,Office Supplies,Storage,Storage Model 15,Customer 230,60.95,6,0,19.09,2022,Nov,31.32%
ORD10404,12/9/23,12/10/23,South,Furniture,Bookcases,Bookcases Model 24,Customer 272,150.13,5,0.1,-2.39,2023,Dec,-1.59%
ORD10405,9/4/22,9/9/22,West,Office Supplies,Paper,Paper Model 12,Customer 104,336.02,3,0,46.81,2022,Sep,13.93%
ORD10406,7/16/23,7/22/23,West,Furniture,Chairs,Chairs Model 34,Customer 129,260.17,3,0,31.74,2023,Jul,12.20%
ORD10407,12/28/23,1/1/24,East,Furniture,Bookcases,Bookcases Model 48,Customer 263,152.82,4,0,46.63,2023,Dec,30.51%
ORD10408,7/20/24,7/25/24,South,Technology,Phones,Phones Model 9,Customer 258,158.60,4,0,11.77,2024,Jul,7.42%
ORD10409,7/18/23,7/23/23,East,Technology,Phones,Phones Model 30,Customer 201,104.68,6,0.3,18.77,2023,Jul,17.93%
ORD10410,7/12/23,7/14/23,West,Furniture,Bookcases,Bookcases Model 24,Customer 30,275.59,4,0,63.26,2023,Jul,22.95%
ORD10411,2/19/23,2/21/23,West,Furniture,Tables,Tables Model 30,Customer 154,339.39,1,0,36.04,2023,Feb,10.62%
ORD10412,5/4/22,5/10/22,West,Furniture,Tables,Tables Model 37,Customer 59,165.58,1,0.3,7.6,2022,May,4.59%
ORD10413,7/28/24,8/3/24,East,Office Supplies,Binders,Binders Model 17,Customer 63,108.13,3,0.1,16.78,2024,Jul,15.52%
ORD10414,9/3/22,9/6/22,South,Technology,Machines,Machines Model 3,Customer 181,299.92,5,0.1,19.78,2022,Sep,6.60%
ORD10415,4/13/22,4/16/22,East,Technology,Accessories,Accessories Model 44,Customer 125,242.70,5,0,36.6,2022,Apr,15.08%
ORD10416,9/18/22,9/21/22,South,Furniture,Bookcases,Bookcases Model 8,Customer 11,145.77,4,0,10.99,2022,Sep,7.54%
ORD10417,5/15/23,5/16/23,Central,Furniture,Tables,Tables Model 44,Customer 195,206.80,2,0,32.45,2023,May,15.69%
ORD10418,5/6/24,5/8/24,South,Technology,Accessories,Accessories Model 1,Customer 13,190.70,5,0.1,19.91,2024,May,10.44%
ORD10419,12/17/22,12/19/22,East,Office Supplies,Storage,Storage Model 5,Customer 94,163.19,4,0,14.66,2022,Dec,8.98%
ORD10420,9/28/23,10/5/23,South,Technology,Machines,Machines Model 11,Customer 230,268.35,5,0.2,7.21,2023,Sep,2.69%
ORD10421,2/7/23,2/9/23,Central,Technology,Machines,Machines Model 34,Customer 111,213.36,1,0.1,1.42,2023,Feb,0.67%
ORD10422,11/15/22,11/17/22,West,Technology,Machines,Machines Model 24,Customer 240,241.00,1,0,36.87,2022,Nov,15.30%
ORD10423,12/6/22,12/11/22,East,Office Supplies,Paper,Paper Model 22,Customer 297,89.12,3,0.1,9.79,2022,Dec,10.99%
ORD10424,5/11/23,5/14/23,East,Furniture,Chairs,Chairs Model 41,Customer 75,206.95,2,0.2,7.24,2023,May,3.50%
ORD10425,1/15/24,1/21/24,East,Furniture,Tables,Tables Model 33,Customer 135,98.29,4,0.1,11.66,2024,Jan,11.86%
ORD10426,1/1/23,1/6/23,East,Technology,Machines,Machines Model 36,Customer 49,279.45,5,0,49.07,2023,Jan,17.56%
ORD10427,6/12/24,6/14/24,Central,Office Supplies,Storage,Storage Model 19,Customer 122,304.11,5,0,41.26,2024,Jun,13.57%
ORD10428,6/12/24,6/19/24,Central,Furniture,Bookcases,Bookcases Model 48,Customer 186,343.53,1,0.1,35.2,2024,Jun,10.25%
ORD10429,6/6/23,6/13/23,South,Technology,Phones,Phones Model 22,Customer 31,510.48,3,0.3,16.58,2023,Jun,3.25%
ORD10430,12/23/23,12/26/23,Central,Technology,Accessories,Accessories Model 16,Customer 121,413.18,4,0.3,11.4,2023,Dec,2.76%
ORD10431,12/24/22,12/26/22,South,Furniture,Chairs,Chairs Model 29,Customer 203,243.44,1,0.2,14.63,2022,Dec,6.01%
ORD10432,8/6/23,8/13/23,West,Office Supplies,Binders,Binders Model 20,Customer 158,172.20,5,0,22.15,2023,Aug,12.86%
ORD10433,9/16/22,9/22/22,East,Technology,Machines,Machines Model 13,Customer 299,169.26,6,0.1,-3.47,2022,Sep,-2.05%
ORD10434,8/4/24,8/5/24,Central,Technology,Phones,Phones Model 30,Customer 183,156.77,3,0.3,-0.46,2024,Aug,-0.29%
ORD10435,9/20/24,9/27/24,South,Technology,Accessories,Accessories Model 21,Customer 90,284.01,6,0,27.36,2024,Sep,9.63%
ORD10436,10/10/22,10/13/22,West,Technology,Phones,Phones Model 46,Customer 11,472.09,2,0.1,40.35,2022,Oct,8.55%
ORD10437,8/12/22,8/13/22,Central,Office Supplies,Paper,Paper Model 33,Customer 51,178.13,2,0.3,2.65,2022,Aug,1.49%
ORD10438,7/21/22,7/23/22,East,Technology,Phones,Phones Model 6,Customer 38,297.04,2,0.3,1.48,2022,Jul,0.50%
ORD10439,4/8/24,4/15/24,East,Technology,Accessories,Accessories Model 13,Customer 139,290.39,6,0,38.63,2024,Apr,13.30%
ORD10440,7/4/23,7/10/23,West,Furniture,Bookcases,Bookcases Model 21,Customer 168,140.93,3,0,16.01,2023,Jul,11.36%
ORD10441,6/7/24,6/13/24,Central,Furniture,Bookcases,Bookcases Model 12,Customer 30,323.94,4,0.2,6.36,2024,Jun,1.96%
ORD10442,6/3/24,6/7/24,Central,Furniture,Chairs,Chairs Model 50,Customer 254,122.61,6,0.3,-3.97,2024,Jun,-3.24%
ORD10443,9/5/23,9/9/23,Central,Office Supplies,Paper,Paper Model 37,Customer 161,226.36,1,0,39.89,2023,Sep,17.62%
ORD10444,2/27/22,3/3/22,West,Technology,Machines,Machines Model 6,Customer 10,245.96,6,0.1,35.69,2022,Feb,14.51%
ORD10445,6/9/22,6/11/22,Central,Furniture,Bookcases,Bookcases Model 28,Customer 177,257.02,1,0.1,33.48,2022,Jun,13.03%
ORD10446,7/6/23,7/12/23,Central,Technology,Machines,Machines Model 15,Customer 133,265.43,2,0.3,-17.39,2023,Jul,-6.55%
ORD10447,4/12/24,4/18/24,South,Office Supplies,Binders,Binders Model 36,Customer 143,98.48,6,0.1,2.5,2024,Apr,2.54%
ORD10448,1/6/23,1/11/23,East,Technology,Accessories,Accessories Model 36,Customer 244,94.70,2,0.1,18.8,2023,Jan,19.85%
ORD10449,4/13/22,4/19/22,South,Office Supplies,Binders,Binders Model 49,Customer 47,72.13,6,0,29.91,2022,Apr,41.47%
ORD10450,8/17/24,8/18/24,West,Technology,Phones,Phones Model 36,Customer 94,101.76,1,0,16.25,2024,Aug,15.97%
ORD10451,9/23/22,9/28/22,West,Office Supplies,Storage,Storage Model 34,Customer 15,466.41,2,0,74.06,2022,Sep,15.88%
ORD10452,12/26/22,1/2/23,West,Technology,Phones,Phones Model 41,Customer 177,480.38,4,0.2,19.97,2022,Dec,4.16%
ORD10453,7/11/24,7/18/24,East,Office Supplies,Paper,Paper Model 7,Customer 8,112.96,2,0.1,9.47,2024,Jul,8.38%
ORD10454,3/9/22,3/16/22,East,Technology,Accessories,Accessories Model 15,Customer 289,268.96,6,0.1,28.51,2022,Mar,10.60%
ORD10455,1/21/23,1/25/23,East,Office Supplies,Storage,Storage Model 17,Customer 11,228.61,6,0,41.6,2023,Jan,18.20%
ORD10456,9/26/22,10/2/22,West,Office Supplies,Binders,Binders Model 21,Customer 218,261.51,2,0.1,29.28,2022,Sep,11.20%
ORD10457,10/21/23,10/24/23,West,Office Supplies,Paper,Paper Model 31,Customer 137,371.19,2,0.3,1.18,2023,Oct,0.32%
ORD10458,9/4/24,9/11/24,Central,Furniture,Tables,Tables Model 1,Customer 249,183.98,3,0,13.66,2024,Sep,7.42%
ORD10459,6/12/24,6/14/24,South,Furniture,Tables,Tables Model 14,Customer 297,244.04,6,0.3,2.62,2024,Jun,1.07%
ORD10460,2/23/22,3/2/22,South,Furniture,Bookcases,Bookcases Model 12,Customer 223,144.62,3,0,29.14,2022,Feb,20.15%
ORD10461,6/3/24,6/5/24,West,Office Supplies,Storage,Storage Model 1,Customer 69,80.29,1,0,-12.83,2024,Jun,-15.98%
ORD10462,7/22/24,7/25/24,East,Furniture,Bookcases,Bookcases Model 49,Customer 87,142.46,6,0.1,-1.52,2024,Jul,-1.07%
ORD10463,4/21/23,4/27/23,South,Office Supplies,Binders,Binders Model 22,Customer 17,148.81,4,0.1,19.48,2023,Apr,13.09%
ORD10464,8/23/23,8/25/23,East,Furniture,Bookcases,Bookcases Model 9,Customer 259,118.45,6,0,30.47,2023,Aug,25.72%
ORD10465,9/2/23,9/4/23,East,Technology,Accessories,Accessories Model 4,Customer 163,141.63,6,0,1.13,2023,Sep,0.80%
ORD10466,3/8/22,3/9/22,South,Furniture,Tables,Tables Model 1,Customer 92,190.54,2,0.3,-9.54,2022,Mar,-5.01%
ORD10467,8/18/22,8/24/22,East,Technology,Phones,Phones Model 34,Customer 182,111.53,6,0.3,5.37,2022,Aug,4.81%
ORD10468,5/9/24,5/13/24,East,Furniture,Tables,Tables Model 18,Customer 91,273.67,2,0,51.26,2024,May,18.73%
ORD10469,1/16/22,1/19/22,East,Office Supplies,Binders,Binders Model 27,Customer 285,443.15,1,0,85.14,2022,Jan,19.21%
ORD10470,9/1/24,9/4/24,South,Office Supplies,Binders,Binders Model 35,Customer 145,209.62,3,0,26.29,2024,Sep,12.54%
ORD10471,7/16/23,7/19/23,South,Technology,Accessories,Accessories Model 28,Customer 163,89.09,6,0.1,-0.79,2023,Jul,-0.89%
ORD10472,7/7/23,7/11/23,South,Office Supplies,Binders,Binders Model 10,Customer 3,315.71,4,0.2,12.5,2023,Jul,3.96%
ORD10473,9/2/22,9/7/22,South,Technology,Accessories,Accessories Model 16,Customer 102,108.11,6,0.3,6.94,2022,Sep,6.42%
ORD10474,11/11/23,11/12/23,South,Furniture,Bookcases,Bookcases Model 45,Customer 286,200.16,1,0,30.45,2023,Nov,15.21%
ORD10475,11/29/22,12/5/22,South,Technology,Accessories,Accessories Model 37,Customer 1,81.83,5,0.1,11.49,2022,Nov,14.04%
ORD10476,4/30/23,5/6/23,South,Technology,Accessories,Accessories Model 16,Customer 194,144.43,5,0.1,4.31,2023,Apr,2.98%
ORD10477,12/30/22,1/5/23,Central,Furniture,Tables,Tables Model 5,Customer 279,316.22,5,0.1,33.49,2022,Dec,10.59%
ORD10478,11/12/23,11/14/23,Central,Technology,Accessories,Accessories Model 34,Customer 245,343.78,3,0.2,8.33,2023,Nov,2.42%
ORD10479,8/8/23,8/10/23,West,Furniture,Chairs,Chairs Model 34,Customer 87,200.41,5,0.1,10.38,2023,Aug,5.18%
ORD10480,4/12/24,4/15/24,South,Furniture,Bookcases,Bookcases Model 12,Customer 23,238.85,2,0,23.47,2024,Apr,9.83%
ORD10481,11/26/22,11/30/22,West,Office Supplies,Paper,Paper Model 45,Customer 129,198.82,1,0.2,-3.46,2022,Nov,-1.74%
ORD10482,1/20/23,1/21/23,Central,Office Supplies,Paper,Paper Model 29,Customer 46,188.94,6,0.3,-6.05,2023,Jan,-3.20%
ORD10483,10/9/22,10/13/22,South,Office Supplies,Paper,Paper Model 41,Customer 245,57.97,6,0,15.49,2022,Oct,26.72%
ORD10484,1/19/24,1/26/24,West,Furniture,Bookcases,Bookcases Model 24,Customer 251,355.54,2,0,40.76,2024,Jan,11.46%
ORD10485,6/18/23,6/24/23,Central,Furniture,Bookcases,Bookcases Model 25,Customer 130,234.42,3,0.3,12.62,2023,Jun,5.38%
ORD10486,1/19/22,1/24/22,East,Furniture,Chairs,Chairs Model 38,Customer 92,199.72,5,0.1,4.45,2022,Jan,2.23%
ORD10487,11/10/22,11/16/22,West,Technology,Accessories,Accessories Model 17,Customer 225,110.40,3,0.1,15.27,2022,Nov,13.83%
ORD10488,4/4/22,4/9/22,West,Technology,Accessories,Accessories Model 28,Customer 149,271.18,1,0,46.15,2022,Apr,17.02%
ORD10489,9/25/23,10/2/23,South,Office Supplies,Binders,Binders Model 24,Customer 22,254.80,6,0.2,27.26,2023,Sep,10.70%
ORD10490,12/31/23,1/7/24,Central,Office Supplies,Paper,Paper Model 23,Customer 123,120.44,4,0.3,18.66,2023,Dec,15.49%
ORD10491,1/30/23,2/6/23,Central,Technology,Phones,Phones Model 5,Customer 105,329.23,5,0,50.41,2023,Jan,15.31%
ORD10492,12/4/22,12/11/22,South,Furniture,Chairs,Chairs Model 34,Customer 213,564.06,4,0.2,38.2,2022,Dec,6.77%
ORD10493,5/24/23,5/30/23,South,Furniture,Chairs,Chairs Model 30,Customer 224,135.40,5,0.3,27.59,2023,May,20.38%
ORD10494,3/1/23,3/5/23,South,Furniture,Chairs,Chairs Model 9,Customer 263,78.45,4,0.2,6.48,2023,Mar,8.26%
ORD10495,2/10/24,2/17/24,South,Furniture,Bookcases,Bookcases Model 35,Customer 21,422.49,2,0,68.05,2024,Feb,16.11%
ORD10496,8/5/24,8/11/24,South,Office Supplies,Storage,Storage Model 8,Customer 47,321.69,3,0.2,16.47,2024,Aug,5.12%
ORD10497,8/15/22,8/22/22,South,Furniture,Bookcases,Bookcases Model 6,Customer 111,541.24,1,0,72.23,2022,Aug,13.35%
ORD10498,8/1/23,8/5/23,South,Furniture,Bookcases,Bookcases Model 4,Customer 282,62.54,2,0.1,10.36,2023,Aug,16.57%
ORD10499,12/9/23,12/15/23,East,Office Supplies,Storage,Storage Model 41,Customer 75,202.01,2,0.2,-13.63,2023,Dec,-6.75%
ORD10500,11/25/22,11/28/22,Central,Furniture,Bookcases,Bookcases Model 34,Customer 135,237.26,1,0,34.17,2022,Nov,14.40%
ORD10501,3/30/22,4/2/22,South,Office Supplies,Paper,Paper Model 33,Customer 216,486.63,6,0.1,44.6,2022,Mar,9.17%
ORD10502,11/29/23,11/30/23,South,Office Supplies,Paper,Paper Model 35,Customer 132,365.26,2,0.2,-8.57,2023,Nov,-2.35%
ORD10503,11/9/22,11/11/22,Central,Furniture,Chairs,Chairs Model 30,Customer 251,86.58,2,0.3,2.75,2022,Nov,3.18%
ORD10504,12/28/23,1/2/24,South,Furniture,Tables,Tables Model 46,Customer 285,521.35,3,0,94.5,2023,Dec,18.13%
ORD10505,11/11/23,11/12/23,East,Technology,Accessories,Accessories Model 27,Customer 290,239.81,1,0.3,6.6,2023,Nov,2.75%
ORD10506,4/23/24,4/26/24,Central,Furniture,Tables,Tables Model 13,Customer 108,74.09,2,0.2,-1.6,2024,Apr,-2.16%
ORD10507,4/1/24,4/6/24,West,Technology,Accessories,Accessories Model 14,Customer 30,175.26,4,0.2,27.16,2024,Apr,15.50%
ORD10508,7/4/22,7/8/22,East,Technology,Phones,Phones Model 39,Customer 255,357.90,1,0,64.61,2022,Jul,18.05%
ORD10509,7/4/22,7/5/22,South,Technology,Machines,Machines Model 15,Customer 151,545.97,6,0,74.15,2022,Jul,13.58%
ORD10510,4/1/24,4/3/24,East,Technology,Phones,Phones Model 30,Customer 49,247.15,2,0,40.83,2024,Apr,16.52%
ORD10511,7/26/22,8/2/22,Central,Furniture,Chairs,Chairs Model 46,Customer 227,199.10,4,0,33.59,2022,Jul,16.87%
ORD10512,12/4/23,12/8/23,East,Furniture,Chairs,Chairs Model 11,Customer 229,230.54,6,0,28.43,2023,Dec,12.33%
ORD10513,10/28/22,11/4/22,West,Furniture,Bookcases,Bookcases Model 20,Customer 133,134.83,3,0.3,-6.74,2022,Oct,-5.00%
ORD10514,11/29/22,12/4/22,South,Furniture,Chairs,Chairs Model 3,Customer 168,268.95,6,0,50.68,2022,Nov,18.84%
ORD10515,1/25/23,1/27/23,East,Technology,Accessories,Accessories Model 13,Customer 238,195.60,2,0.3,0.46,2023,Jan,0.24%
ORD10516,6/2/22,6/8/22,East,Furniture,Tables,Tables Model 3,Customer 181,283.83,3,0.2,23.97,2022,Jun,8.45%
ORD10517,5/6/22,5/12/22,East,Furniture,Bookcases,Bookcases Model 19,Customer 251,224.15,5,0.3,-3.14,2022,May,-1.40%
ORD10518,12/23/22,12/24/22,Central,Office Supplies,Binders,Binders Model 20,Customer 299,39.88,2,0.2,-12.17,2022,Dec,-30.52%
ORD10519,7/8/23,7/15/23,Central,Furniture,Chairs,Chairs Model 50,Customer 117,161.69,2,0.2,-7.93,2023,Jul,-4.90%
ORD10520,8/16/23,8/19/23,East,Furniture,Bookcases,Bookcases Model 23,Customer 100,206.31,5,0,36.06,2023,Aug,17.48%
ORD10521,8/25/24,8/27/24,Central,Technology,Accessories,Accessories Model 23,Customer 231,243.48,1,0,23.34,2024,Aug,9.59%
ORD10522,5/8/23,5/10/23,East,Office Supplies,Storage,Storage Model 20,Customer 36,198.46,3,0,32.72,2023,May,16.49%
ORD10523,1/12/24,1/17/24,East,Office Supplies,Binders,Binders Model 11,Customer 202,331.48,6,0.3,15.88,2024,Jan,4.79%
ORD10524,4/18/23,4/19/23,East,Furniture,Chairs,Chairs Model 27,Customer 68,219.88,5,0.3,20.76,2023,Apr,9.44%
ORD10525,3/2/23,3/7/23,Central,Office Supplies,Binders,Binders Model 11,Customer 47,195.72,3,0,31.27,2023,Mar,15.98%
ORD10526,12/6/22,12/7/22,Central,Technology,Accessories,Accessories Model 7,Customer 55,563.03,3,0,92.97,2022,Dec,16.51%
ORD10527,6/19/24,6/21/24,East,Furniture,Chairs,Chairs Model 21,Customer 240,122.97,4,0.1,0.49,2024,Jun,0.40%
ORD10528,9/9/22,9/11/22,Central,Technology,Machines,Machines Model 24,Customer 102,88.18,1,0.3,5.8,2022,Sep,6.58%
ORD10529,10/18/22,10/22/22,West,Technology,Phones,Phones Model 7,Customer 8,134.88,2,0,22.51,2022,Oct,16.69%
ORD10530,4/19/22,4/20/22,West,Office Supplies,Storage,Storage Model 6,Customer 88,767.71,5,0,120.43,2022,Apr,15.69%
ORD10531,6/7/22,6/14/22,East,Office Supplies,Binders,Binders Model 19,Customer 292,56.93,4,0.2,-5.41,2022,Jun,-9.50%
ORD10532,6/30/24,7/1/24,West,Furniture,Bookcases,Bookcases Model 16,Customer 263,73.90,5,0,-8.31,2024,Jun,-11.24%
ORD10533,12/29/23,1/5/24,Central,Furniture,Chairs,Chairs Model 7,Customer 22,250.07,1,0.3,-3.75,2023,Dec,-1.50%
ORD10534,8/9/22,8/14/22,East,Technology,Phones,Phones Model 49,Customer 237,139.49,3,0.1,13.29,2022,Aug,9.53%
ORD10535,8/30/23,9/1/23,East,Furniture,Tables,Tables Model 6,Customer 126,427.75,4,0.2,29.51,2023,Aug,6.90%
ORD10536,6/1/22,6/7/22,Central,Technology,Machines,Machines Model 50,Customer 72,245.55,2,0,27.73,2022,Jun,11.29%
ORD10537,7/28/22,7/30/22,East,Furniture,Bookcases,Bookcases Model 31,Customer 20,241.07,3,0,53.48,2022,Jul,22.18%
ORD10538,5/25/23,5/30/23,West,Office Supplies,Binders,Binders Model 41,Customer 26,100.41,5,0,11.03,2023,May,10.98%
ORD10539,5/16/24,5/19/24,West,Office Supplies,Binders,Binders Model 32,Customer 255,302.39,6,0.1,19.13,2024,May,6.33%
ORD10540,5/19/22,5/22/22,West,Technology,Accessories,Accessories Model 28,Customer 198,168.10,1,0.2,4.66,2022,May,2.77%
ORD10541,4/24/24,4/30/24,East,Technology,Accessories,Accessories Model 5,Customer 130,303.15,6,0.3,0.77,2024,Apr,0.25%
ORD10542,2/8/24,2/15/24,South,Furniture,Chairs,Chairs Model 36,Customer 122,165.74,2,0.3,-5.41,2024,Feb,-3.26%
ORD10543,6/17/24,6/21/24,South,Technology,Machines,Machines Model 43,Customer 203,172.11,6,0,26.92,2024,Jun,15.64%
ORD10544,3/23/24,3/29/24,East,Technology,Accessories,Accessories Model 15,Customer 174,224.14,4,0.2,7.98,2024,Mar,3.56%
ORD10545,11/11/23,11/16/23,South,Office Supplies,Paper,Paper Model 39,Customer 9,205.89,1,0.1,19.65,2023,Nov,9.54%
ORD10546,8/31/24,9/1/24,Central,Office Supplies,Paper,Paper Model 30,Customer 75,136.17,4,0.3,2.55,2024,Aug,1.87%
ORD10547,12/10/22,12/15/22,South,Furniture,Chairs,Chairs Model 40,Customer 17,162.60,3,0.2,11.8,2022,Dec,7.26%
ORD10548,10/27/22,10/30/22,South,Furniture,Tables,Tables Model 43,Customer 276,42.69,2,0.2,1.24,2022,Oct,2.90%
ORD10549,4/6/24,4/8/24,South,Furniture,Chairs,Chairs Model 12,Customer 200,265.22,6,0,40.78,2024,Apr,15.38%
ORD10550,10/5/22,10/8/22,Central,Furniture,Tables,Tables Model 40,Customer 202,287.67,2,0,44.26,2022,Oct,15.39%
ORD10551,11/12/22,11/16/22,West,Office Supplies,Storage,Storage Model 26,Customer 270,182.89,5,0,36.58,2022,Nov,20.00%
ORD10552,1/10/22,1/11/22,Central,Furniture,Chairs,Chairs Model 48,Customer 181,335.56,2,0.2,-3.94,2022,Jan,-1.17%
ORD10553,11/24/23,11/25/23,West,Technology,Machines,Machines Model 49,Customer 130,472.92,5,0.2,19.59,2023,Nov,4.14%
ORD10554,11/14/23,11/18/23,South,Furniture,Bookcases,Bookcases Model 18,Customer 152,150.35,5,0.1,18.21,2023,Nov,12.11%
ORD10555,1/6/23,1/9/23,East,Technology,Machines,Machines Model 42,Customer 256,319.80,6,0.2,-6.71,2023,Jan,-2.10%
ORD10556,5/21/23,5/24/23,South,Technology,Phones,Phones Model 29,Customer 160,138.56,1,0,9.28,2023,May,6.70%
ORD10557,2/9/24,2/14/24,East,Furniture,Bookcases,Bookcases Model 21,Customer 248,265.45,5,0.2,13.28,2024,Feb,5.00%
ORD10558,5/21/22,5/22/22,East,Office Supplies,Binders,Binders Model 26,Customer 89,252.74,2,0.3,-1.48,2022,May,-0.59%
ORD10559,2/5/24,2/10/24,Central,Technology,Accessories,Accessories Model 50,Customer 279,212.67,6,0,33.33,2024,Feb,15.67%
ORD10560,1/27/22,1/31/22,South,Technology,Accessories,Accessories Model 32,Customer 185,186.17,6,0,16.46,2022,Jan,8.84%
ORD10561,12/9/23,12/12/23,East,Office Supplies,Binders,Binders Model 35,Customer 178,358.75,5,0.2,-10.29,2023,Dec,-2.87%
ORD10562,7/4/24,7/6/24,Central,Furniture,Bookcases,Bookcases Model 48,Customer 267,161.33,1,0,30.17,2024,Jul,18.70%
ORD10563,6/24/22,6/30/22,South,Office Supplies,Binders,Binders Model 50,Customer 185,71.19,5,0.1,13.54,2022,Jun,19.02%
ORD10564,9/12/24,9/18/24,West,Furniture,Tables,Tables Model 40,Customer 165,255.30,3,0.2,8.7,2024,Sep,3.41%
ORD10565,8/8/24,8/12/24,Central,Office Supplies,Binders,Binders Model 26,Customer 164,217.50,6,0.1,38.67,2024,Aug,17.78%
ORD10566,1/30/23,2/6/23,South,Office Supplies,Paper,Paper Model 33,Customer 210,254.09,1,0,30.84,2023,Jan,12.14%
ORD10567,10/15/23,10/17/23,South,Office Supplies,Binders,Binders Model 43,Customer 287,247.10,2,0.1,17.93,2023,Oct,7.26%
ORD10568,5/18/24,5/24/24,Central,Office Supplies,Binders,Binders Model 46,Customer 203,202.55,3,0.2,0.98,2024,May,0.48%
ORD10569,6/27/23,7/4/23,South,Office Supplies,Storage,Storage Model 50,Customer 7,44.87,1,0.1,6.54,2023,Jun,14.58%
ORD10570,2/12/22,2/17/22,Central,Technology,Machines,Machines Model 17,Customer 125,81.98,3,0.1,-1.59,2022,Feb,-1.94%
ORD10571,6/26/24,6/27/24,East,Technology,Phones,Phones Model 20,Customer 85,195.78,5,0.2,6.45,2024,Jun,3.29%
ORD10572,10/23/23,10/25/23,South,Technology,Machines,Machines Model 26,Customer 175,148.15,6,0,26.67,2023,Oct,18.00%
ORD10573,2/14/23,2/18/23,West,Office Supplies,Paper,Paper Model 35,Customer 267,243.26,3,0,29.04,2023,Feb,11.94%
ORD10574,2/28/23,3/6/23,East,Office Supplies,Binders,Binders Model 27,Customer 35,172.53,2,0.1,37.59,2023,Feb,21.79%
ORD10575,5/30/23,5/31/23,South,Technology,Machines,Machines Model 26,Customer 110,233.73,2,0.3,9.96,2023,May,4.26%
ORD10576,8/11/23,8/17/23,West,Office Supplies,Storage,Storage Model 43,Customer 123,75.14,2,0,3.53,2023,Aug,4.70%
ORD10577,5/28/23,5/29/23,Central,Office Supplies,Binders,Binders Model 9,Customer 197,138.88,6,0.2,22.45,2023,May,16.17%
ORD10578,9/20/23,9/23/23,Central,Technology,Phones,Phones Model 39,Customer 110,230.77,5,0.3,3.78,2023,Sep,1.64%
ORD10579,7/14/24,7/16/24,East,Office Supplies,Binders,Binders Model 24,Customer 12,95.77,3,0.3,-6.42,2024,Jul,-6.70%
ORD10580,12/18/23,12/23/23,East,Furniture,Chairs,Chairs Model 30,Customer 72,419.90,3,0,55.71,2023,Dec,13.27%
ORD10581,4/3/23,4/6/23,East,Technology,Phones,Phones Model 3,Customer 276,295.27,4,0.3,-7.55,2023,Apr,-2.56%
ORD10582,4/27/24,5/1/24,Central,Furniture,Tables,Tables Model 22,Customer 272,197.76,2,0.1,11.43,2024,Apr,5.78%
ORD10583,8/6/23,8/8/23,East,Furniture,Bookcases,Bookcases Model 15,Customer 89,247.23,2,0.1,42.63,2023,Aug,17.24%
ORD10584,1/30/22,2/6/22,East,Technology,Accessories,Accessories Model 41,Customer 141,186.39,4,0.1,20.43,2022,Jan,10.96%
ORD10585,1/12/24,1/13/24,South,Technology,Phones,Phones Model 15,Customer 29,222.51,4,0.2,2,2024,Jan,0.90%
ORD10586,4/3/24,4/6/24,East,Technology,Accessories,Accessories Model 42,Customer 245,408.19,6,0.1,37.57,2024,Apr,9.20%
ORD10587,8/13/23,8/15/23,South,Office Supplies,Paper,Paper Model 13,Customer 175,72.58,6,0.3,13.38,2023,Aug,18.43%
ORD10588,9/23/23,9/25/23,West,Furniture,Tables,Tables Model 5,Customer 265,167.18,2,0.1,20.2,2023,Sep,12.08%
ORD10589,1/17/22,1/21/22,Central,Furniture,Bookcases,Bookcases Model 13,Customer 287,159.02,6,0,29.04,2022,Jan,18.26%
ORD10590,2/13/24,2/19/24,East,Office Supplies,Storage,Storage Model 5,Customer 182,109.86,1,0.3,-2.14,2024,Feb,-1.95%
ORD10591,7/30/22,8/3/22,Central,Furniture,Bookcases,Bookcases Model 36,Customer 182,298.09,6,0.3,3.24,2022,Jul,1.09%
ORD10592,10/5/23,10/7/23,Central,Technology,Machines,Machines Model 7,Customer 23,116.50,3,0.1,31.68,2023,Oct,27.19%
ORD10593,1/28/24,1/30/24,South,Technology,Accessories,Accessories Model 50,Customer 53,321.22,4,0,46.07,2024,Jan,14.34%
ORD10594,12/18/22,12/19/22,East,Furniture,Tables,Tables Model 22,Customer 164,498.62,4,0.2,30.5,2022,Dec,6.12%
ORD10595,5/3/23,5/10/23,Central,Furniture,Chairs,Chairs Model 33,Customer 200,196.90,5,0.3,5.05,2023,May,2.56%
ORD10596,8/3/22,8/6/22,Central,Office Supplies,Storage,Storage Model 34,Customer 224,372.21,1,0,44.67,2022,Aug,12.00%
ORD10597,3/4/24,3/10/24,West,Technology,Accessories,Accessories Model 9,Customer 7,294.00,2,0.2,21.57,2024,Mar,7.34%
ORD10598,4/24/22,4/26/22,East,Technology,Machines,Machines Model 1,Customer 45,205.48,5,0.2,4.9,2022,Apr,2.38%
ORD10599,4/20/23,4/27/23,East,Furniture,Chairs,Chairs Model 21,Customer 174,257.72,5,0.3,25.86,2023,Apr,10.03%
ORD10600,10/2/23,10/7/23,East,Office Supplies,Paper,Paper Model 16,Customer 105,652.61,6,0,96.63,2023,Oct,14.81%
ORD10601,7/16/24,7/19/24,West,Office Supplies,Binders,Binders Model 13,Customer 226,358.55,1,0.3,-9.78,2024,Jul,-2.73%
ORD10602,4/13/23,4/18/23,East,Technology,Machines,Machines Model 37,Customer 28,237.16,6,0.2,9.56,2023,Apr,4.03%
ORD10603,6/1/24,6/5/24,South,Furniture,Tables,Tables Model 45,Customer 242,166.54,6,0,5.6,2024,Jun,3.36%
ORD10604,9/13/23,9/15/23,East,Furniture,Tables,Tables Model 45,Customer 123,427.81,5,0.2,42.83,2023,Sep,10.01%
ORD10605,3/30/24,4/1/24,East,Furniture,Tables,Tables Model 16,Customer 49,124.03,5,0,7.1,2024,Mar,5.72%
ORD10606,7/18/24,7/20/24,South,Furniture,Chairs,Chairs Model 16,Customer 113,136.30,4,0,26.59,2024,Jul,19.51%
ORD10607,3/4/24,3/10/24,South,Furniture,Bookcases,Bookcases Model 17,Customer 22,240.84,6,0.3,-3.84,2024,Mar,-1.59%
ORD10608,6/7/22,6/11/22,West,Furniture,Tables,Tables Model 10,Customer 271,243.23,1,0,35.75,2022,Jun,14.70%
ORD10609,6/16/22,6/21/22,South,Technology,Accessories,Accessories Model 1,Customer 37,391.62,1,0.3,22.23,2022,Jun,5.68%
ORD10610,5/21/24,5/22/24,East,Technology,Machines,Machines Model 46,Customer 28,62.36,1,0.3,2.58,2024,May,4.14%
ORD10611,11/9/23,11/14/23,East,Technology,Accessories,Accessories Model 36,Customer 107,403.56,4,0.2,35.49,2023,Nov,8.79%
ORD10612,1/25/22,1/27/22,West,Technology,Accessories,Accessories Model 43,Customer 220,171.81,2,0,19.38,2022,Jan,11.28%
ORD10613,4/24/22,4/29/22,East,Furniture,Bookcases,Bookcases Model 6,Customer 123,243.56,5,0.1,24.57,2022,Apr,10.09%
ORD10614,5/20/24,5/27/24,Central,Furniture,Chairs,Chairs Model 20,Customer 152,165.53,3,0.1,13.47,2024,May,8.14%
ORD10615,6/1/22,6/5/22,East,Technology,Machines,Machines Model 6,Customer 39,194.73,3,0,21.27,2022,Jun,10.92%
ORD10616,2/14/22,2/15/22,South,Technology,Machines,Machines Model 30,Customer 209,208.40,5,0,44.62,2022,Feb,21.41%
ORD10617,8/3/24,8/8/24,East,Technology,Machines,Machines Model 4,Customer 16,72.41,2,0,2.15,2024,Aug,2.97%
ORD10618,11/18/23,11/24/23,Central,Furniture,Tables,Tables Model 29,Customer 131,211.90,1,0,28.67,2023,Nov,13.53%
ORD10619,12/25/23,12/27/23,Central,Office Supplies,Paper,Paper Model 25,Customer 49,124.65,3,0,43.41,2023,Dec,34.83%
ORD10620,6/16/22,6/20/22,Central,Furniture,Bookcases,Bookcases Model 18,Customer 128,104.87,6,0.2,18.28,2022,Jun,17.43%
ORD10621,1/14/22,1/18/22,Central,Technology,Phones,Phones Model 22,Customer 1,258.19,3,0,44.49,2022,Jan,17.23%
ORD10622,2/28/24,3/6/24,West,Furniture,Tables,Tables Model 7,Customer 19,223.81,1,0.3,-6.87,2024,Feb,-3.07%
ORD10623,4/25/24,5/2/24,Central,Office Supplies,Paper,Paper Model 5,Customer 276,334.79,6,0.1,21.3,2024,Apr,6.36%
ORD10624,5/5/22,5/9/22,West,Furniture,Chairs,Chairs Model 27,Customer 266,170.45,5,0,27.37,2022,May,16.06%
ORD10625,12/8/23,12/15/23,West,Technology,Phones,Phones Model 19,Customer 7,261.93,6,0,31.06,2023,Dec,11.86%
ORD10626,1/2/24,1/5/24,South,Office Supplies,Storage,Storage Model 40,Customer 86,611.62,1,0,72.72,2024,Jan,11.89%
ORD10627,12/9/23,12/15/23,Central,Office Supplies,Paper,Paper Model 2,Customer 47,355.88,2,0.1,43.46,2023,Dec,12.21%
ORD10628,12/9/23,12/16/23,West,Furniture,Bookcases,Bookcases Model 42,Customer 36,123.12,3,0.3,3.43,2023,Dec,2.79%
ORD10629,9/5/23,9/6/23,East,Technology,Accessories,Accessories Model 47,Customer 35,86.19,3,0,6.98,2023,Sep,8.10%
ORD10630,7/3/23,7/4/23,East,Furniture,Tables,Tables Model 47,Customer 253,340.71,1,0,49.28,2023,Jul,14.46%
ORD10631,10/26/23,10/31/23,East,Technology,Accessories,Accessories Model 17,Customer 156,243.78,4,0,40.55,2023,Oct,16.63%
ORD10632,2/9/23,2/13/23,East,Technology,Machines,Machines Model 30,Customer 176,302.88,2,0.2,7.36,2023,Feb,2.43%
ORD10633,11/27/22,12/4/22,East,Furniture,Chairs,Chairs Model 14,Customer 180,94.80,4,0,27,2022,Nov,28.48%
ORD10634,11/18/23,11/21/23,East,Office Supplies,Storage,Storage Model 6,Customer 81,378.23,1,0,42.7,2023,Nov,11.29%
ORD10635,3/12/24,3/18/24,West,Technology,Machines,Machines Model 3,Customer 74,222.59,3,0.1,10.78,2024,Mar,4.84%
ORD10636,5/8/23,5/9/23,West,Furniture,Tables,Tables Model 4,Customer 34,275.06,3,0,38.01,2023,May,13.82%
ORD10637,10/30/22,10/31/22,West,Office Supplies,Binders,Binders Model 9,Customer 190,148.50,3,0.1,2.13,2022,Oct,1.43%
ORD10638,3/17/24,3/23/24,East,Office Supplies,Paper,Paper Model 16,Customer 85,497.81,3,0,63.54,2024,Mar,12.76%
ORD10639,10/20/22,10/27/22,West,Office Supplies,Binders,Binders Model 49,Customer 197,185.10,2,0,31.55,2022,Oct,17.04%
ORD10640,5/23/24,5/26/24,East,Furniture,Bookcases,Bookcases Model 4,Customer 51,295.33,4,0.1,20.75,2024,May,7.03%
ORD10641,11/11/23,11/15/23,South,Office Supplies,Binders,Binders Model 29,Customer 250,221.73,3,0,32.13,2023,Nov,14.49%
ORD10642,4/29/22,4/30/22,East,Office Supplies,Storage,Storage Model 26,Customer 61,298.42,6,0.2,16.24,2022,Apr,5.44%
ORD10643,5/12/23,5/16/23,East,Furniture,Chairs,Chairs Model 8,Customer 98,435.81,4,0.2,20.46,2023,May,4.69%
ORD10644,3/11/22,3/14/22,Central,Office Supplies,Paper,Paper Model 36,Customer 30,127.18,4,0,10.33,2022,Mar,8.12%
ORD10645,3/15/22,3/20/22,South,Furniture,Tables,Tables Model 8,Customer 31,161.79,6,0,28.49,2022,Mar,17.61%
ORD10646,8/24/24,8/28/24,West,Technology,Phones,Phones Model 33,Customer 162,461.23,2,0.3,-11.77,2024,Aug,-2.55%
ORD10647,8/6/22,8/7/22,South,Furniture,Tables,Tables Model 47,Customer 68,493.03,3,0.2,39.79,2022,Aug,8.07%
ORD10648,3/18/22,3/25/22,West,Office Supplies,Storage,Storage Model 18,Customer 185,375.10,3,0,53.87,2022,Mar,14.36%
ORD10649,3/11/22,3/12/22,West,Technology,Accessories,Accessories Model 33,Customer 6,209.11,4,0.1,6.4,2022,Mar,3.06%
ORD10650,10/5/23,10/11/23,East,Technology,Phones,Phones Model 35,Customer 120,200.61,6,0.2,16.86,2023,Oct,8.40%
ORD10651,3/2/24,3/6/24,West,Technology,Machines,Machines Model 25,Customer 165,244.54,2,0.1,23.29,2024,Mar,9.52%
ORD10652,1/29/24,1/30/24,West,Office Supplies,Storage,Storage Model 2,Customer 235,191.78,6,0,35.62,2024,Jan,18.57%
ORD10653,7/12/24,7/18/24,Central,Furniture,Tables,Tables Model 29,Customer 72,205.95,2,0,30.56,2024,Jul,14.84%
ORD10654,5/9/24,5/11/24,West,Office Supplies,Storage,Storage Model 5,Customer 206,490.26,3,0.3,-5.1,2024,May,-1.04%
ORD10655,1/26/22,2/1/22,West,Furniture,Chairs,Chairs Model 5,Customer 245,340.21,3,0.2,10.59,2022,Jan,3.11%
ORD10656,1/18/23,1/23/23,West,Technology,Accessories,Accessories Model 13,Customer 241,272.49,6,0,23.61,2023,Jan,8.66%
ORD10657,7/26/22,7/29/22,East,Office Supplies,Paper,Paper Model 27,Customer 91,91.14,2,0.1,14.38,2022,Jul,15.78%
ORD10658,12/18/22,12/22/22,Central,Technology,Machines,Machines Model 50,Customer 83,183.11,1,0.3,10.15,2022,Dec,5.54%
ORD10659,9/2/22,9/9/22,South,Furniture,Chairs,Chairs Model 31,Customer 288,151.12,5,0.1,13.68,2022,Sep,9.05%
ORD10660,7/16/23,7/22/23,East,Office Supplies,Binders,Binders Model 18,Customer 214,121.29,3,0,10.1,2023,Jul,8.33%
ORD10661,6/2/22,6/4/22,East,Technology,Phones,Phones Model 11,Customer 120,308.20,5,0.1,38.9,2022,Jun,12.62%
ORD10662,3/9/23,3/11/23,Central,Furniture,Bookcases,Bookcases Model 37,Customer 115,318.07,4,0.2,34.72,2023,Mar,10.92%
ORD10663,5/30/24,6/1/24,East,Technology,Accessories,Accessories Model 4,Customer 224,469.65,6,0.2,6.45,2024,May,1.37%
ORD10664,7/25/24,8/1/24,Central,Furniture,Chairs,Chairs Model 49,Customer 90,180.51,3,0,31.72,2024,Jul,17.57%
ORD10665,6/10/24,6/12/24,Central,Office Supplies,Binders,Binders Model 43,Customer 263,74.66,5,0.2,-17.48,2024,Jun,-23.41%
ORD10666,8/21/23,8/22/23,Central,Office Supplies,Binders,Binders Model 34,Customer 286,260.52,4,0.3,-2.37,2023,Aug,-0.91%
ORD10667,7/17/22,7/21/22,South,Furniture,Bookcases,Bookcases Model 12,Customer 131,263.47,3,0.3,-7.27,2022,Jul,-2.76%
ORD10668,10/21/23,10/23/23,East,Office Supplies,Paper,Paper Model 45,Customer 30,376.96,5,0.1,42.11,2023,Oct,11.17%
ORD10669,10/2/23,10/8/23,East,Office Supplies,Binders,Binders Model 29,Customer 244,321.32,6,0.1,38.94,2023,Oct,12.12%
ORD10670,12/15/22,12/21/22,Central,Technology,Machines,Machines Model 15,Customer 221,493.06,2,0.2,9.76,2022,Dec,1.98%
ORD10671,4/2/22,4/4/22,West,Technology,Accessories,Accessories Model 24,Customer 185,410.97,4,0,65.82,2022,Apr,16.02%
ORD10672,1/25/23,1/31/23,West,Office Supplies,Paper,Paper Model 18,Customer 58,125.86,2,0,16.04,2023,Jan,12.74%
ORD10673,2/6/22,2/11/22,East,Furniture,Tables,Tables Model 31,Customer 299,277.20,5,0.2,7.76,2022,Feb,2.80%
ORD10674,4/11/23,4/14/23,South,Technology,Machines,Machines Model 21,Customer 90,360.07,3,0.1,32.46,2023,Apr,9.01%
ORD10675,4/10/24,4/14/24,South,Technology,Phones,Phones Model 24,Customer 60,174.70,6,0,26.69,2024,Apr,15.28%
ORD10676,9/12/24,9/18/24,West,Office Supplies,Storage,Storage Model 46,Customer 101,67.58,6,0,5.65,2024,Sep,8.36%
ORD10677,1/14/23,1/21/23,East,Office Supplies,Storage,Storage Model 39,Customer 233,213.19,3,0,40.56,2023,Jan,19.03%
ORD10678,5/20/24,5/26/24,South,Technology,Phones,Phones Model 47,Customer 288,245.94,2,0,34.75,2024,May,14.13%
ORD10679,10/6/22,10/7/22,West,Furniture,Chairs,Chairs Model 1,Customer 89,152.03,2,0,21.4,2022,Oct,14.08%
ORD10680,8/24/22,8/26/22,East,Office Supplies,Storage,Storage Model 8,Customer 43,227.96,2,0,4.28,2022,Aug,1.88%
ORD10681,8/15/24,8/16/24,East,Furniture,Chairs,Chairs Model 34,Customer 179,193.85,4,0.1,11.16,2024,Aug,5.76%
ORD10682,11/24/22,11/27/22,Central,Office Supplies,Storage,Storage Model 4,Customer 43,102.85,4,0.1,18.16,2022,Nov,17.66%
ORD10683,9/28/22,9/30/22,East,Office Supplies,Binders,Binders Model 45,Customer 135,156.20,1,0.3,6.1,2022,Sep,3.91%
ORD10684,5/15/22,5/22/22,South,Technology,Accessories,Accessories Model 10,Customer 97,173.43,3,0.3,-8.15,2022,May,-4.70%
ORD10685,9/12/23,9/17/23,South,Furniture,Chairs,Chairs Model 19,Customer 9,193.64,6,0.2,19.26,2023,Sep,9.95%
ORD10686,8/23/22,8/26/22,West,Furniture,Tables,Tables Model 13,Customer 232,140.76,1,0,8.89,2022,Aug,6.32%
ORD10687,4/3/24,4/7/24,South,Furniture,Bookcases,Bookcases Model 9,Customer 7,104.53,1,0.2,4.24,2024,Apr,4.06%
ORD10688,7/17/22,7/22/22,West,Furniture,Chairs,Chairs Model 49,Customer 133,105.76,6,0.2,-4.21,2022,Jul,-3.98%
ORD10689,5/29/23,6/2/23,East,Technology,Machines,Machines Model 15,Customer 13,273.58,3,0,45.42,2023,May,16.60%
ORD10690,8/15/22,8/20/22,West,Office Supplies,Binders,Binders Model 12,Customer 105,158.03,6,0.2,5.13,2022,Aug,3.25%
ORD10691,11/15/22,11/21/22,West,Office Supplies,Binders,Binders Model 30,Customer 174,399.11,2,0,75.79,2022,Nov,18.99%
ORD10692,4/26/24,5/2/24,South,Technology,Machines,Machines Model 21,Customer 268,135.48,6,0.1,5,2024,Apr,3.69%
ORD10693,1/9/24,1/12/24,Central,Furniture,Bookcases,Bookcases Model 4,Customer 167,231.67,3,0,34.18,2024,Jan,14.75%
ORD10694,6/11/23,6/13/23,South,Furniture,Chairs,Chairs Model 2,Customer 102,211.27,6,0,29.5,2023,Jun,13.96%
ORD10695,11/25/22,11/26/22,South,Technology,Machines,Machines Model 34,Customer 160,346.31,5,0.1,24.08,2022,Nov,6.95%
ORD10696,3/5/24,3/6/24,South,Furniture,Bookcases,Bookcases Model 28,Customer 248,699.77,1,0.3,-6.85,2024,Mar,-0.98%
ORD10697,3/10/22,3/13/22,Central,Technology,Machines,Machines Model 31,Customer 215,134.64,2,0.2,-9.45,2022,Mar,-7.02%
ORD10698,2/28/24,3/5/24,East,Office Supplies,Storage,Storage Model 7,Customer 234,424.88,4,0.1,50.92,2024,Feb,11.98%
ORD10699,3/31/22,4/6/22,West,Office Supplies,Binders,Binders Model 5,Customer 239,354.75,1,0.3,-13.31,2022,Mar,-3.75%
ORD10700,12/2/23,12/7/23,Central,Furniture,Tables,Tables Model 28,Customer 267,300.19,6,0,36.49,2023,Dec,12.16%
ORD10701,3/29/22,3/31/22,East,Office Supplies,Storage,Storage Model 19,Customer 70,110.43,1,0,14.37,2022,Mar,13.01%
ORD10702,6/27/23,6/28/23,South,Technology,Phones,Phones Model 11,Customer 123,71.40,3,0,13.84,2023,Jun,19.38%
ORD10703,6/27/22,7/1/22,East,Office Supplies,Storage,Storage Model 16,Customer 235,309.06,3,0.1,12.34,2022,Jun,3.99%
ORD10704,9/22/24,9/27/24,South,Furniture,Chairs,Chairs Model 15,Customer 95,150.21,3,0.2,4.09,2024,Sep,2.72%
ORD10705,9/11/23,9/18/23,West,Office Supplies,Paper,Paper Model 48,Customer 100,100.68,4,0,17.48,2023,Sep,17.36%
ORD10706,7/26/24,7/30/24,East,Furniture,Bookcases,Bookcases Model 17,Customer 263,187.66,3,0,47.95,2024,Jul,25.55%
ORD10707,4/26/23,5/3/23,Central,Technology,Phones,Phones Model 12,Customer 175,263.24,5,0.1,23.44,2023,Apr,8.90%
ORD10708,12/1/23,12/3/23,West,Technology,Accessories,Accessories Model 37,Customer 177,183.33,1,0,26.74,2023,Dec,14.59%
ORD10709,1/11/22,1/18/22,Central,Office Supplies,Storage,Storage Model 15,Customer 163,283.81,1,0,46.27,2022,Jan,16.30%
ORD10710,4/18/24,4/21/24,Central,Office Supplies,Paper,Paper Model 26,Customer 194,141.18,3,0.3,-3.06,2024,Apr,-2.17%
ORD10711,10/18/22,10/19/22,West,Furniture,Chairs,Chairs Model 42,Customer 27,355.53,6,0.2,4.82,2022,Oct,1.36%
ORD10712,6/29/24,7/5/24,Central,Furniture,Chairs,Chairs Model 25,Customer 224,273.56,3,0.1,9.92,2024,Jun,3.63%
ORD10713,5/9/24,5/12/24,East,Furniture,Chairs,Chairs Model 23,Customer 89,182.18,5,0.1,6.81,2024,May,3.74%
ORD10714,5/18/24,5/21/24,East,Furniture,Bookcases,Bookcases Model 36,Customer 234,186.45,6,0.3,6.34,2024,May,3.40%
ORD10715,8/26/24,8/29/24,Central,Office Supplies,Paper,Paper Model 24,Customer 128,310.86,6,0,51.94,2024,Aug,16.71%
ORD10716,3/7/22,3/8/22,West,Furniture,Tables,Tables Model 24,Customer 37,80.89,1,0,13.43,2022,Mar,16.60%
ORD10717,9/22/23,9/23/23,South,Office Supplies,Storage,Storage Model 41,Customer 206,318.09,1,0,29.2,2023,Sep,9.18%
ORD10718,11/15/22,11/22/22,South,Office Supplies,Paper,Paper Model 21,Customer 177,104.86,3,0.3,2.46,2022,Nov,2.35%
ORD10719,1/22/24,1/29/24,East,Office Supplies,Storage,Storage Model 39,Customer 266,227.25,3,0.3,5.87,2024,Jan,2.58%
ORD10720,3/12/22,3/16/22,West,Office Supplies,Paper,Paper Model 14,Customer 186,334.29,1,0,51.63,2022,Mar,15.44%
ORD10721,7/10/23,7/13/23,East,Technology,Machines,Machines Model 30,Customer 292,89.05,1,0.3,-8.13,2023,Jul,-9.13%
ORD10722,3/19/23,3/20/23,West,Technology,Phones,Phones Model 34,Customer 149,362.56,4,0,42.08,2023,Mar,11.61%
ORD10723,4/20/24,4/25/24,East,Technology,Accessories,Accessories Model 15,Customer 188,156.76,1,0,25.21,2024,Apr,16.08%
ORD10724,6/23/24,6/29/24,South,Office Supplies,Binders,Binders Model 13,Customer 168,67.80,4,0,-0.35,2024,Jun,-0.52%
ORD10725,11/6/22,11/9/22,East,Technology,Machines,Machines Model 43,Customer 74,279.78,2,0.2,12.95,2022,Nov,4.63%
ORD10726,9/12/23,9/16/23,East,Technology,Phones,Phones Model 37,Customer 186,613.04,2,0,102.56,2023,Sep,16.73%
ORD10727,2/24/22,2/25/22,West,Furniture,Bookcases,Bookcases Model 33,Customer 237,345.64,1,0.3,12.62,2022,Feb,3.65%
ORD10728,8/13/24,8/15/24,South,Technology,Phones,Phones Model 2,Customer 218,232.26,2,0,31.06,2024,Aug,13.37%
ORD10729,5/20/22,5/25/22,West,Technology,Accessories,Accessories Model 27,Customer 111,95.87,5,0.1,9.15,2022,May,9.54%
ORD10730,6/10/23,6/16/23,Central,Office Supplies,Binders,Binders Model 46,Customer 85,188.65,1,0,36.58,2023,Jun,19.39%
ORD10731,2/6/24,2/13/24,West,Furniture,Bookcases,Bookcases Model 15,Customer 90,234.11,3,0,22.5,2024,Feb,9.61%
ORD10732,7/14/24,7/21/24,South,Furniture,Bookcases,Bookcases Model 46,Customer 111,354.24,6,0,59.16,2024,Jul,16.70%
ORD10733,10/7/22,10/14/22,East,Office Supplies,Storage,Storage Model 29,Customer 45,301.36,1,0.2,6.27,2022,Oct,2.08%
ORD10734,6/8/24,6/9/24,Central,Technology,Machines,Machines Model 30,Customer 88,319.79,4,0,63.89,2024,Jun,19.98%
ORD10735,10/17/23,10/19/23,West,Technology,Accessories,Accessories Model 15,Customer 83,258.74,4,0,36.03,2023,Oct,13.93%
ORD10736,6/9/24,6/13/24,Central,Office Supplies,Storage,Storage Model 11,Customer 112,96.00,4,0.1,-8.97,2024,Jun,-9.34%
ORD10737,4/2/23,4/3/23,East,Furniture,Chairs,Chairs Model 33,Customer 152,239.26,5,0.1,2.08,2023,Apr,0.87%
ORD10738,7/8/22,7/12/22,South,Office Supplies,Paper,Paper Model 18,Customer 242,107.42,5,0.2,8.67,2022,Jul,8.07%
ORD10739,6/15/23,6/17/23,West,Office Supplies,Storage,Storage Model 15,Customer 38,383.98,5,0,53.89,2023,Jun,14.03%
ORD10740,12/27/22,1/2/23,Central,Office Supplies,Binders,Binders Model 47,Customer 218,256.29,4,0,50.63,2022,Dec,19.75%
ORD10741,12/10/22,12/13/22,South,Technology,Machines,Machines Model 37,Customer 281,154.63,4,0,25.49,2022,Dec,16.48%
ORD10742,1/7/22,1/8/22,South,Technology,Accessories,Accessories Model 28,Customer 153,397.67,3,0.3,-1.22,2022,Jan,-0.31%
ORD10743,6/10/22,6/15/22,West,Technology,Machines,Machines Model 41,Customer 188,381.72,6,0,64.52,2022,Jun,16.90%
ORD10744,11/26/23,12/3/23,West,Office Supplies,Paper,Paper Model 22,Customer 81,305.17,5,0.3,8.3,2023,Nov,2.72%
ORD10745,7/17/23,7/22/23,East,Office Supplies,Storage,Storage Model 9,Customer 14,301.10,2,0.1,43.93,2023,Jul,14.59%
ORD10746,9/24/23,9/27/23,Central,Office Supplies,Paper,Paper Model 34,Customer 11,175.40,4,0.1,42.26,2023,Sep,24.09%
ORD10747,12/25/22,12/30/22,East,Technology,Accessories,Accessories Model 22,Customer 131,127.93,6,0.2,6.26,2022,Dec,4.89%
ORD10748,2/1/23,2/6/23,Central,Technology,Machines,Machines Model 25,Customer 35,147.46,3,0,0.6,2023,Feb,0.41%
ORD10749,1/7/23,1/14/23,Central,Technology,Machines,Machines Model 19,Customer 254,230.27,1,0.1,15.51,2023,Jan,6.74%
ORD10750,6/14/22,6/20/22,West,Office Supplies,Binders,Binders Model 4,Customer 72,329.68,1,0,59.71,2022,Jun,18.11%
ORD10751,5/31/22,6/3/22,Central,Furniture,Chairs,Chairs Model 8,Customer 55,314.70,1,0.2,25.21,2022,May,8.01%
ORD10752,8/27/24,8/29/24,South,Technology,Machines,Machines Model 13,Customer 21,108.72,1,0,15.98,2024,Aug,14.70%
ORD10753,2/6/24,2/10/24,West,Technology,Accessories,Accessories Model 39,Customer 65,106.42,4,0,3.43,2024,Feb,3.22%
ORD10754,9/27/24,9/30/24,East,Furniture,Chairs,Chairs Model 3,Customer 12,322.80,1,0,45.32,2024,Sep,14.04%
ORD10755,12/2/22,12/8/22,South,Technology,Machines,Machines Model 11,Customer 55,240.93,2,0,49.06,2022,Dec,20.36%
ORD10756,7/5/22,7/7/22,Central,Technology,Accessories,Accessories Model 8,Customer 223,237.27,6,0,45.98,2022,Jul,19.38%
ORD10757,11/30/22,12/4/22,South,Office Supplies,Paper,Paper Model 2,Customer 90,176.69,4,0,33.03,2022,Nov,18.69%
ORD10758,6/19/22,6/21/22,South,Furniture,Tables,Tables Model 34,Customer 18,379.21,6,0,65.26,2022,Jun,17.21%
ORD10759,3/12/24,3/16/24,South,Technology,Machines,Machines Model 2,Customer 173,282.43,1,0.2,20.24,2024,Mar,7.17%
ORD10760,11/8/23,11/12/23,West,Technology,Phones,Phones Model 32,Customer 90,185.11,1,0.3,29.24,2023,Nov,15.80%
ORD10761,12/6/23,12/10/23,East,Furniture,Bookcases,Bookcases Model 24,Customer 213,433.89,6,0,61.57,2023,Dec,14.19%
ORD10762,12/24/23,12/30/23,Central,Furniture,Bookcases,Bookcases Model 31,Customer 297,164.84,4,0.2,-15.76,2023,Dec,-9.56%
ORD10763,8/9/24,8/14/24,Central,Furniture,Tables,Tables Model 14,Customer 3,291.38,4,0,47.94,2024,Aug,16.45%
ORD10764,8/17/23,8/23/23,Central,Office Supplies,Paper,Paper Model 40,Customer 173,133.64,6,0.3,-11.3,2023,Aug,-8.46%
ORD10765,6/12/22,6/17/22,South,Technology,Accessories,Accessories Model 49,Customer 24,188.98,3,0,35.53,2022,Jun,18.80%
ORD10766,6/2/22,6/6/22,South,Furniture,Bookcases,Bookcases Model 46,Customer 3,292.82,4,0.1,29.84,2022,Jun,10.19%
ORD10767,3/31/22,4/5/22,East,Furniture,Chairs,Chairs Model 39,Customer 223,234.15,4,0.1,32.36,2022,Mar,13.82%
ORD10768,3/29/23,4/4/23,Central,Office Supplies,Binders,Binders Model 7,Customer 19,174.08,6,0.2,17.96,2023,Mar,10.32%
ORD10769,5/21/23,5/28/23,Central,Technology,Accessories,Accessories Model 18,Customer 190,61.09,2,0,12.64,2023,May,20.69%
ORD10770,7/30/22,8/4/22,Central,Technology,Machines,Machines Model 30,Customer 163,189.59,4,0.3,5.57,2022,Jul,2.94%
ORD10771,2/15/23,2/21/23,West,Technology,Accessories,Accessories Model 44,Customer 152,206.70,1,0,15.34,2023,Feb,7.42%
ORD10772,2/24/22,3/1/22,Central,Technology,Machines,Machines Model 41,Customer 193,371.34,6,0,57.6,2022,Feb,15.51%
ORD10773,5/28/24,5/30/24,South,Office Supplies,Storage,Storage Model 2,Customer 45,307.55,1,0.2,11.58,2024,May,3.77%
ORD10774,3/25/22,4/1/22,South,Furniture,Chairs,Chairs Model 46,Customer 42,142.84,4,0.3,-13.73,2022,Mar,-9.61%
ORD10775,1/17/24,1/20/24,East,Office Supplies,Storage,Storage Model 42,Customer 96,165.51,2,0,16.58,2024,Jan,10.02%
ORD10776,5/8/24,5/13/24,West,Office Supplies,Paper,Paper Model 31,Customer 115,518.88,2,0,81.02,2024,May,15.61%
ORD10777,9/14/22,9/17/22,Central,Furniture,Chairs,Chairs Model 50,Customer 33,237.55,2,0.3,-7.08,2022,Sep,-2.98%
ORD10778,10/8/23,10/12/23,East,Technology,Machines,Machines Model 27,Customer 241,212.79,4,0,18.74,2023,Oct,8.81%
ORD10779,4/4/24,4/7/24,West,Technology,Phones,Phones Model 42,Customer 238,200.80,6,0.2,22.81,2024,Apr,11.36%
ORD10780,5/8/23,5/15/23,East,Technology,Phones,Phones Model 36,Customer 163,212.10,3,0,15.94,2023,May,7.52%
ORD10781,2/19/23,2/21/23,Central,Furniture,Tables,Tables Model 37,Customer 189,200.23,4,0.2,-2.73,2023,Feb,-1.36%
ORD10782,4/12/22,4/17/22,Central,Office Supplies,Storage,Storage Model 7,Customer 189,218.07,3,0,38.67,2022,Apr,17.73%
ORD10783,1/24/23,1/25/23,Central,Furniture,Tables,Tables Model 25,Customer 296,138.52,5,0.1,16.33,2023,Jan,11.79%
ORD10784,7/15/23,7/17/23,South,Office Supplies,Binders,Binders Model 8,Customer 146,462.23,3,0,78.67,2023,Jul,17.02%
ORD10785,4/12/23,4/18/23,South,Office Supplies,Storage,Storage Model 41,Customer 102,661.55,6,0.1,61.74,2023,Apr,9.33%
ORD10786,7/11/23,7/18/23,West,Technology,Machines,Machines Model 39,Customer 98,142.61,2,0.1,18.68,2023,Jul,13.10%
ORD10787,11/4/22,11/7/22,East,Technology,Phones,Phones Model 27,Customer 6,197.63,6,0.3,-20.69,2022,Nov,-10.47%
ORD10788,8/3/22,8/8/22,East,Furniture,Chairs,Chairs Model 49,Customer 122,367.15,5,0.3,0.63,2022,Aug,0.17%
ORD10789,11/17/23,11/18/23,East,Technology,Accessories,Accessories Model 18,Customer 26,222.32,1,0,44.31,2023,Nov,19.93%
ORD10790,9/25/24,9/29/24,East,Furniture,Tables,Tables Model 33,Customer 213,237.50,3,0.3,-2.55,2024,Sep,-1.07%
ORD10791,12/25/22,12/31/22,West,Technology,Machines,Machines Model 12,Customer 115,223.03,2,0,42.33,2022,Dec,18.98%
ORD10792,4/15/22,4/17/22,Central,Furniture,Tables,Tables Model 44,Customer 197,397.50,5,0.3,16.64,2022,Apr,4.19%
ORD10793,2/19/23,2/25/23,East,Furniture,Chairs,Chairs Model 48,Customer 139,410.08,5,0.2,27.4,2023,Feb,6.68%
ORD10794,6/11/23,6/13/23,East,Office Supplies,Paper,Paper Model 4,Customer 219,311.50,6,0,50.2,2023,Jun,16.12%
ORD10795,10/1/23,10/6/23,Central,Technology,Accessories,Accessories Model 36,Customer 69,272.05,2,0.1,49.04,2023,Oct,18.03%
ORD10796,1/3/23,1/6/23,West,Office Supplies,Storage,Storage Model 10,Customer 77,330.11,2,0,54.91,2023,Jan,16.63%
ORD10797,4/24/22,4/29/22,East,Furniture,Chairs,Chairs Model 36,Customer 255,190.78,3,0.3,-4.37,2022,Apr,-2.29%
ORD10798,2/27/23,3/3/23,West,Technology,Phones,Phones Model 28,Customer 72,326.45,6,0,50.27,2023,Feb,15.40%
ORD10799,8/31/22,9/7/22,East,Furniture,Chairs,Chairs Model 31,Customer 199,247.56,3,0,45.76,2022,Aug,18.48%
ORD10800,3/16/23,3/19/23,South,Office Supplies,Binders,Binders Model 33,Customer 123,206.92,2,0,32.18,2023,Mar,15.55%
ORD10801,8/3/24,8/4/24,Central,Technology,Phones,Phones Model 6,Customer 170,227.96,2,0,31.57,2024,Aug,13.85%
ORD10802,2/12/24,2/13/24,Central,Office Supplies,Storage,Storage Model 5,Customer 263,297.50,1,0.2,8.35,2024,Feb,2.81%
ORD10803,3/8/24,3/12/24,Central,Furniture,Bookcases,Bookcases Model 28,Customer 167,166.85,2,0,13.06,2024,Mar,7.83%
ORD10804,8/11/24,8/12/24,East,Technology,Machines,Machines Model 32,Customer 63,271.20,4,0,24.95,2024,Aug,9.20%
ORD10805,5/17/24,5/23/24,Central,Technology,Machines,Machines Model 33,Customer 21,258.85,2,0,22.76,2024,May,8.79%
ORD10806,12/10/22,12/11/22,South,Furniture,Bookcases,Bookcases Model 11,Customer 118,110.62,6,0,6.75,2022,Dec,6.10%
ORD10807,11/17/23,11/19/23,East,Office Supplies,Paper,Paper Model 16,Customer 240,75.94,6,0.2,1.28,2023,Nov,1.69%
ORD10808,1/4/22,1/10/22,West,Furniture,Bookcases,Bookcases Model 27,Customer 45,283.70,4,0,52.38,2022,Jan,18.46%
ORD10809,7/4/23,7/10/23,Central,Office Supplies,Paper,Paper Model 43,Customer 170,286.35,3,0,45.01,2023,Jul,15.72%
ORD10810,8/16/22,8/17/22,East,Office Supplies,Paper,Paper Model 10,Customer 44,219.31,6,0.2,32.8,2022,Aug,14.96%
ORD10811,3/14/22,3/15/22,South,Technology,Phones,Phones Model 33,Customer 251,178.69,3,0,21.59,2022,Mar,12.08%
ORD10812,9/17/22,9/19/22,South,Furniture,Bookcases,Bookcases Model 19,Customer 33,180.02,4,0.3,10.91,2022,Sep,6.06%
ORD10813,8/14/24,8/19/24,South,Office Supplies,Binders,Binders Model 28,Customer 66,155.97,2,0,27.56,2024,Aug,17.67%
ORD10814,11/7/23,11/13/23,East,Furniture,Bookcases,Bookcases Model 46,Customer 39,60.12,2,0.3,6.67,2023,Nov,11.09%
ORD10815,4/26/22,5/3/22,Central,Office Supplies,Binders,Binders Model 23,Customer 88,120.63,1,0,21.05,2022,Apr,17.45%
ORD10816,12/14/23,12/21/23,West,Office Supplies,Paper,Paper Model 29,Customer 225,176.76,6,0.1,31.58,2023,Dec,17.87%
ORD10817,7/3/22,7/4/22,West,Furniture,Chairs,Chairs Model 41,Customer 80,203.80,5,0.2,2.64,2022,Jul,1.30%
ORD10818,11/6/23,11/13/23,South,Office Supplies,Storage,Storage Model 6,Customer 114,226.88,1,0,31,2023,Nov,13.66%
ORD10819,1/4/22,1/6/22,Central,Furniture,Tables,Tables Model 48,Customer 287,77.70,1,0.1,10.03,2022,Jan,12.91%
ORD10820,6/4/24,6/9/24,West,Office Supplies,Storage,Storage Model 20,Customer 266,346.84,5,0.3,1.28,2024,Jun,0.37%
ORD10821,7/29/22,8/2/22,Central,Technology,Accessories,Accessories Model 33,Customer 287,77.88,2,0.1,12.18,2022,Jul,15.64%
ORD10822,8/26/23,8/28/23,West,Technology,Accessories,Accessories Model 33,Customer 12,234.08,6,0.3,-6.71,2023,Aug,-2.87%
ORD10823,3/5/23,3/9/23,Central,Technology,Machines,Machines Model 18,Customer 61,371.38,2,0,61.11,2023,Mar,16.45%
ORD10824,2/28/24,3/5/24,South,Technology,Accessories,Accessories Model 16,Customer 262,386.97,3,0.3,10.04,2024,Feb,2.59%
ORD10825,7/10/23,7/14/23,East,Technology,Accessories,Accessories Model 17,Customer 248,138.97,3,0.2,0.97,2023,Jul,0.70%
ORD10826,11/25/22,12/1/22,Central,Technology,Phones,Phones Model 46,Customer 157,94.19,6,0.2,3.05,2022,Nov,3.24%
ORD10827,4/11/23,4/14/23,West,Furniture,Tables,Tables Model 28,Customer 131,175.88,6,0,15.33,2023,Apr,8.72%
ORD10828,10/13/23,10/16/23,East,Technology,Phones,Phones Model 22,Customer 185,551.10,3,0.3,-1.18,2023,Oct,-0.21%
ORD10829,2/24/23,2/25/23,West,Office Supplies,Storage,Storage Model 22,Customer 173,163.51,5,0.1,21.07,2023,Feb,12.89%
ORD10830,4/29/23,4/30/23,South,Technology,Machines,Machines Model 7,Customer 190,190.17,6,0,44.52,2023,Apr,23.41%
ORD10831,7/21/22,7/24/22,Central,Office Supplies,Binders,Binders Model 27,Customer 225,189.26,6,0,25.65,2022,Jul,13.55%
ORD10832,10/23/22,10/27/22,West,Furniture,Tables,Tables Model 23,Customer 144,327.52,2,0,49.09,2022,Oct,14.99%
ORD10833,3/4/22,3/10/22,East,Furniture,Tables,Tables Model 28,Customer 218,271.69,1,0,39.29,2022,Mar,14.46%
ORD10834,7/16/22,7/18/22,Central,Office Supplies,Storage,Storage Model 29,Customer 262,198.86,1,0,45.78,2022,Jul,23.02%
ORD10835,2/12/23,2/17/23,West,Office Supplies,Binders,Binders Model 25,Customer 6,248.47,4,0.2,19.69,2023,Feb,7.92%
ORD10836,1/24/24,1/27/24,East,Furniture,Tables,Tables Model 40,Customer 97,209.64,3,0,42.43,2024,Jan,20.24%
ORD10837,7/31/22,8/1/22,West,Technology,Machines,Machines Model 19,Customer 51,389.81,5,0.3,6,2022,Jul,1.54%
ORD10838,7/24/22,7/30/22,Central,Furniture,Chairs,Chairs Model 8,Customer 19,60.15,4,0.3,10.06,2022,Jul,16.72%
ORD10839,8/9/23,8/12/23,South,Technology,Machines,Machines Model 8,Customer 122,165.27,5,0,36.22,2023,Aug,21.92%
ORD10840,8/6/22,8/10/22,West,Office Supplies,Paper,Paper Model 8,Customer 170,144.46,3,0,11.75,2022,Aug,8.13%
ORD10841,2/14/23,2/16/23,West,Technology,Accessories,Accessories Model 25,Customer 20,428.63,2,0.1,42.94,2023,Feb,10.02%
ORD10842,6/17/23,6/24/23,South,Technology,Accessories,Accessories Model 30,Customer 7,91.37,3,0.2,0.5,2023,Jun,0.55%
ORD10843,2/25/22,3/3/22,West,Office Supplies,Paper,Paper Model 50,Customer 241,292.55,2,0.3,-21.77,2022,Feb,-7.44%
ORD10844,7/16/23,7/20/23,East,Furniture,Chairs,Chairs Model 20,Customer 237,229.81,3,0.2,16.13,2023,Jul,7.02%
ORD10845,6/11/24,6/13/24,East,Technology,Phones,Phones Model 12,Customer 189,308.90,1,0,67.3,2024,Jun,21.79%
ORD10846,1/5/22,1/9/22,Central,Office Supplies,Storage,Storage Model 34,Customer 189,165.28,4,0.1,25.77,2022,Jan,15.59%
ORD10847,1/1/24,1/3/24,East,Furniture,Bookcases,Bookcases Model 24,Customer 149,292.48,5,0.2,9.76,2024,Jan,3.34%
ORD10848,5/31/24,6/5/24,Central,Furniture,Chairs,Chairs Model 39,Customer 287,220.24,4,0.1,17.99,2024,May,8.17%
ORD10849,7/31/23,8/3/23,East,Office Supplies,Binders,Binders Model 24,Customer 273,262.69,5,0.1,19.06,2023,Jul,7.26%
ORD10850,10/20/23,10/23/23,Central,Furniture,Tables,Tables Model 11,Customer 214,537.26,6,0,83.52,2023,Oct,15.55%
ORD10851,1/24/22,1/27/22,West,Furniture,Tables,Tables Model 43,Customer 273,130.22,1,0,16.51,2022,Jan,12.68%
ORD10852,4/3/23,4/6/23,South,Office Supplies,Paper,Paper Model 11,Customer 192,362.94,2,0,57.85,2023,Apr,15.94%
ORD10853,4/14/24,4/20/24,Central,Furniture,Chairs,Chairs Model 44,Customer 206,55.16,4,0,12.02,2024,Apr,21.79%
ORD10854,11/23/23,11/24/23,West,Office Supplies,Storage,Storage Model 5,Customer 90,340.71,4,0,52.93,2023,Nov,15.54%
ORD10855,12/12/23,12/14/23,West,Office Supplies,Storage,Storage Model 43,Customer 261,224.72,5,0,50.52,2023,Dec,22.48%
ORD10856,6/9/24,6/12/24,South,Office Supplies,Storage,Storage Model 47,Customer 57,134.53,5,0,9.91,2024,Jun,7.37%
ORD10857,5/18/22,5/21/22,West,Office Supplies,Paper,Paper Model 43,Customer 227,305.41,6,0,39.28,2022,May,12.86%
ORD10858,1/31/24,2/7/24,South,Office Supplies,Storage,Storage Model 29,Customer 282,69.56,2,0.1,5.31,2024,Jan,7.63%
ORD10859,9/20/24,9/22/24,East,Furniture,Bookcases,Bookcases Model 38,Customer 263,178.27,1,0,9.72,2024,Sep,5.45%
ORD10860,1/16/24,1/18/24,East,Office Supplies,Binders,Binders Model 2,Customer 118,178.44,2,0.3,-15.79,2024,Jan,-8.85%
ORD10861,3/27/23,3/28/23,West,Technology,Accessories,Accessories Model 13,Customer 161,359.42,5,0,62.54,2023,Mar,17.40%
ORD10862,7/9/24,7/15/24,Central,Office Supplies,Storage,Storage Model 24,Customer 34,272.14,1,0,55.83,2024,Jul,20.52%
ORD10863,7/20/24,7/21/24,East,Furniture,Bookcases,Bookcases Model 11,Customer 150,171.50,6,0,42.97,2024,Jul,25.06%
ORD10864,11/19/23,11/22/23,South,Office Supplies,Storage,Storage Model 39,Customer 144,250.17,1,0,25.06,2023,Nov,10.02%
ORD10865,7/21/23,7/22/23,Central,Furniture,Bookcases,Bookcases Model 6,Customer 283,168.05,3,0,13.9,2023,Jul,8.27%
ORD10866,5/11/23,5/16/23,South,Technology,Phones,Phones Model 25,Customer 234,97.43,4,0.3,12.16,2023,May,12.48%
ORD10867,4/29/24,5/1/24,West,Furniture,Tables,Tables Model 9,Customer 157,353.54,3,0.3,4.6,2024,Apr,1.30%
ORD10868,2/10/23,2/11/23,Central,Furniture,Chairs,Chairs Model 30,Customer 262,707.09,2,0.2,43.48,2023,Feb,6.15%
ORD10869,12/23/22,12/28/22,South,Office Supplies,Binders,Binders Model 14,Customer 82,279.38,5,0.1,24.69,2022,Dec,8.84%
ORD10870,12/22/22,12/26/22,West,Technology,Machines,Machines Model 28,Customer 95,267.40,4,0,33.78,2022,Dec,12.63%
ORD10871,4/29/23,5/4/23,Central,Furniture,Chairs,Chairs Model 37,Customer 49,310.20,6,0,33.01,2023,Apr,10.64%
ORD10872,9/28/22,10/1/22,Central,Office Supplies,Storage,Storage Model 25,Customer 297,100.79,1,0.2,9.61,2022,Sep,9.53%
ORD10873,5/11/24,5/13/24,Central,Office Supplies,Paper,Paper Model 9,Customer 283,240.48,1,0.1,30.72,2024,May,12.77%
ORD10874,7/20/23,7/25/23,Central,Technology,Machines,Machines Model 44,Customer 49,218.00,2,0,14.3,2023,Jul,6.56%
ORD10875,3/16/24,3/22/24,West,Office Supplies,Paper,Paper Model 7,Customer 80,310.08,4,0.2,18.68,2024,Mar,6.02%
ORD10876,2/26/23,2/28/23,South,Technology,Phones,Phones Model 25,Customer 143,100.32,3,0,12.16,2023,Feb,12.12%
ORD10877,6/2/22,6/3/22,West,Furniture,Bookcases,Bookcases Model 31,Customer 276,112.22,5,0,16.48,2022,Jun,14.69%
ORD10878,7/17/22,7/21/22,East,Technology,Machines,Machines Model 13,Customer 228,225.23,4,0,46,2022,Jul,20.42%
ORD10879,2/9/22,2/16/22,South,Technology,Machines,Machines Model 14,Customer 157,469.30,1,0.3,5.61,2022,Feb,1.20%
ORD10880,10/8/23,10/14/23,Central,Technology,Phones,Phones Model 24,Customer 54,164.79,5,0,6.11,2023,Oct,3.71%
ORD10881,5/7/23,5/14/23,West,Furniture,Bookcases,Bookcases Model 17,Customer 282,257.86,2,0.1,26.84,2023,May,10.41%
ORD10882,4/11/24,4/17/24,West,Furniture,Chairs,Chairs Model 16,Customer 106,218.07,5,0,40.79,2024,Apr,18.71%
ORD10883,3/28/22,3/31/22,West,Office Supplies,Binders,Binders Model 17,Customer 1,68.94,3,0.2,-2.6,2022,Mar,-3.77%
ORD10884,11/4/22,11/8/22,East,Furniture,Tables,Tables Model 49,Customer 115,98.47,2,0.2,-2.29,2022,Nov,-2.33%
ORD10885,6/3/24,6/4/24,South,Furniture,Tables,Tables Model 45,Customer 252,294.60,6,0,48.94,2024,Jun,16.61%
ORD10886,3/10/24,3/11/24,Central,Furniture,Chairs,Chairs Model 49,Customer 199,185.39,3,0,25.88,2024,Mar,13.96%
ORD10887,2/26/23,3/4/23,South,Technology,Accessories,Accessories Model 5,Customer 263,275.68,2,0.1,27.26,2023,Feb,9.89%
ORD10888,2/6/24,2/10/24,South,Technology,Accessories,Accessories Model 18,Customer 92,146.07,5,0.3,3.9,2024,Feb,2.67%
ORD10889,4/27/24,5/1/24,West,Office Supplies,Binders,Binders Model 30,Customer 295,215.29,6,0,49.65,2024,Apr,23.06%
ORD10890,7/13/24,7/15/24,Central,Technology,Machines,Machines Model 28,Customer 5,201.27,1,0,26.87,2024,Jul,13.35%
ORD10891,1/14/22,1/17/22,West,Technology,Accessories,Accessories Model 31,Customer 68,146.78,6,0,19.89,2022,Jan,13.55%
ORD10892,6/14/24,6/17/24,West,Office Supplies,Storage,Storage Model 42,Customer 202,162.82,6,0,33.57,2024,Jun,20.62%
ORD10893,11/4/23,11/5/23,South,Technology,Accessories,Accessories Model 47,Customer 167,225.42,1,0.2,3.98,2023,Nov,1.77%
ORD10894,6/17/23,6/22/23,East,Furniture,Tables,Tables Model 43,Customer 41,343.69,1,0,66.43,2023,Jun,19.33%
ORD10895,10/21/22,10/22/22,East,Office Supplies,Paper,Paper Model 6,Customer 35,344.29,5,0,38.88,2022,Oct,11.29%
ORD10896,8/16/24,8/19/24,South,Furniture,Bookcases,Bookcases Model 41,Customer 257,257.68,3,0,55.56,2024,Aug,21.56%
ORD10897,1/28/24,2/1/24,Central,Furniture,Chairs,Chairs Model 32,Customer 228,280.73,5,0.2,16.67,2024,Jan,5.94%
ORD10898,1/28/23,1/29/23,Central,Office Supplies,Binders,Binders Model 31,Customer 194,102.88,4,0,28.48,2023,Jan,27.68%
ORD10899,2/7/23,2/12/23,East,Technology,Accessories,Accessories Model 42,Customer 230,147.22,1,0.3,0.92,2023,Feb,0.62%
ORD10900,9/26/22,10/3/22,Central,Furniture,Chairs,Chairs Model 24,Customer 79,195.48,4,0.2,-1.4,2022,Sep,-0.72%
ORD10901,9/10/23,9/15/23,West,Furniture,Tables,Tables Model 8,Customer 288,104.90,2,0.1,-7.9,2023,Sep,-7.53%
ORD10902,1/18/22,1/22/22,Central,Furniture,Chairs,Chairs Model 38,Customer 226,421.73,5,0.2,24.91,2022,Jan,5.91%
ORD10903,12/29/23,1/5/24,Central,Furniture,Chairs,Chairs Model 33,Customer 10,294.69,1,0.2,18.96,2023,Dec,6.43%
ORD10904,4/10/24,4/14/24,East,Office Supplies,Binders,Binders Model 2,Customer 78,281.38,4,0,46.93,2024,Apr,16.68%
ORD10905,5/31/23,6/2/23,West,Technology,Phones,Phones Model 39,Customer 266,416.70,1,0.3,-0.47,2023,May,-0.11%
ORD10906,3/14/22,3/16/22,West,Office Supplies,Paper,Paper Model 21,Customer 25,419.96,4,0.1,48.18,2022,Mar,11.47%
ORD10907,7/31/23,8/6/23,Central,Furniture,Bookcases,Bookcases Model 39,Customer 30,264.16,6,0.2,22.35,2023,Jul,8.46%
ORD10908,6/2/24,6/3/24,West,Furniture,Tables,Tables Model 38,Customer 143,243.53,1,0.3,1.97,2024,Jun,0.81%
ORD10909,11/25/23,11/29/23,East,Office Supplies,Binders,Binders Model 19,Customer 234,220.52,5,0.2,21.77,2023,Nov,9.87%
ORD10910,8/23/23,8/26/23,East,Office Supplies,Storage,Storage Model 7,Customer 265,435.79,3,0.3,-0.48,2023,Aug,-0.11%
ORD10911,5/23/23,5/26/23,Central,Furniture,Tables,Tables Model 47,Customer 158,263.19,1,0.1,36.11,2023,May,13.72%
ORD10912,1/18/23,1/20/23,West,Office Supplies,Storage,Storage Model 28,Customer 239,235.19,3,0.3,-9.57,2023,Jan,-4.07%
ORD10913,9/21/22,9/28/22,West,Technology,Phones,Phones Model 36,Customer 8,476.16,2,0.3,-0.66,2022,Sep,-0.14%
ORD10914,3/23/22,3/26/22,West,Technology,Phones,Phones Model 26,Customer 237,179.42,3,0.1,18.4,2022,Mar,10.26%
ORD10915,6/28/22,7/4/22,West,Technology,Phones,Phones Model 31,Customer 271,259.38,3,0,35.63,2022,Jun,13.74%
ORD10916,12/5/23,12/9/23,South,Furniture,Chairs,Chairs Model 13,Customer 192,217.35,4,0.2,23.73,2023,Dec,10.92%
ORD10917,11/14/23,11/20/23,South,Technology,Machines,Machines Model 43,Customer 292,351.74,6,0.1,54.8,2023,Nov,15.58%
ORD10918,2/14/23,2/19/23,Central,Office Supplies,Binders,Binders Model 36,Customer 239,198.68,4,0,24.73,2023,Feb,12.45%
ORD10919,2/7/22,2/14/22,West,Furniture,Chairs,Chairs Model 24,Customer 138,262.69,6,0,47.24,2022,Feb,17.98%
ORD10920,7/2/24,7/9/24,Central,Office Supplies,Paper,Paper Model 12,Customer 280,383.69,3,0.1,39.95,2024,Jul,10.41%
ORD10921,11/17/23,11/19/23,West,Furniture,Chairs,Chairs Model 31,Customer 173,267.86,2,0.3,-11.05,2023,Nov,-4.13%
ORD10922,6/4/24,6/5/24,West,Technology,Phones,Phones Model 22,Customer 148,252.26,2,0.3,10.04,2024,Jun,3.98%
ORD10923,11/6/22,11/7/22,South,Office Supplies,Binders,Binders Model 15,Customer 195,339.79,4,0,46.57,2022,Nov,13.71%
ORD10924,4/23/23,4/24/23,East,Office Supplies,Storage,Storage Model 15,Customer 207,132.73,4,0,31.33,2023,Apr,23.60%
ORD10925,9/17/22,9/19/22,South,Furniture,Bookcases,Bookcases Model 38,Customer 259,306.22,1,0.2,6.01,2022,Sep,1.96%
ORD10926,4/3/22,4/5/22,Central,Office Supplies,Paper,Paper Model 37,Customer 17,272.82,2,0,31.11,2022,Apr,11.40%
ORD10927,6/26/24,7/3/24,South,Furniture,Bookcases,Bookcases Model 36,Customer 75,249.51,1,0.3,10.89,2024,Jun,4.36%
ORD10928,4/12/24,4/16/24,Central,Furniture,Bookcases,Bookcases Model 26,Customer 83,206.26,4,0.1,23.32,2024,Apr,11.31%
ORD10929,7/15/22,7/16/22,South,Technology,Machines,Machines Model 13,Customer 149,146.01,6,0.1,27.22,2022,Jul,18.64%
ORD10930,8/4/23,8/10/23,East,Office Supplies,Binders,Binders Model 3,Customer 171,218.20,5,0.1,10.81,2023,Aug,4.95%
ORD10931,9/18/22,9/24/22,South,Technology,Machines,Machines Model 50,Customer 269,484.80,3,0.1,51.88,2022,Sep,10.70%
ORD10932,4/2/23,4/6/23,East,Office Supplies,Paper,Paper Model 45,Customer 90,295.95,5,0.1,24.08,2023,Apr,8.14%
ORD10933,4/8/24,4/9/24,West,Furniture,Bookcases,Bookcases Model 9,Customer 108,111.97,6,0,17.11,2024,Apr,15.28%
ORD10934,5/20/23,5/26/23,South,Office Supplies,Binders,Binders Model 3,Customer 89,334.09,3,0.2,11.09,2023,May,3.32%
ORD10935,4/13/24,4/14/24,South,Furniture,Tables,Tables Model 2,Customer 10,279.76,1,0,54.73,2024,Apr,19.56%
ORD10936,6/23/24,6/27/24,South,Technology,Accessories,Accessories Model 15,Customer 71,377.30,5,0,51.31,2024,Jun,13.60%
ORD10937,3/9/24,3/10/24,Central,Technology,Accessories,Accessories Model 41,Customer 252,154.71,2,0.1,27.49,2024,Mar,17.77%
ORD10938,3/2/23,3/6/23,Central,Furniture,Bookcases,Bookcases Model 3,Customer 221,158.53,5,0,22.88,2023,Mar,14.43%
ORD10939,7/27/22,7/29/22,East,Office Supplies,Binders,Binders Model 28,Customer 251,84.58,1,0,9.02,2022,Jul,10.66%
ORD10940,12/16/23,12/20/23,Central,Office Supplies,Binders,Binders Model 1,Customer 197,250.46,5,0.2,4.15,2023,Dec,1.66%
ORD10941,10/6/23,10/9/23,South,Office Supplies,Storage,Storage Model 7,Customer 252,528.33,1,0.2,27.91,2023,Oct,5.28%
ORD10942,4/11/22,4/15/22,East,Technology,Phones,Phones Model 8,Customer 241,126.98,4,0.2,-2.63,2022,Apr,-2.07%
ORD10943,6/10/24,6/17/24,Central,Office Supplies,Binders,Binders Model 43,Customer 2,399.18,5,0.2,35.06,2024,Jun,8.78%
ORD10944,4/25/24,4/29/24,South,Furniture,Tables,Tables Model 7,Customer 152,237.06,5,0.2,9.82,2024,Apr,4.14%
ORD10945,10/6/23,10/13/23,Central,Technology,Machines,Machines Model 35,Customer 121,318.21,1,0.1,24.54,2023,Oct,7.71%
ORD10946,8/8/24,8/15/24,South,Technology,Accessories,Accessories Model 30,Customer 283,175.85,5,0,32.06,2024,Aug,18.23%
ORD10947,10/12/23,10/18/23,Central,Technology,Phones,Phones Model 41,Customer 274,248.32,5,0.2,17.61,2023,Oct,7.09%
ORD10948,2/16/22,2/22/22,Central,Office Supplies,Storage,Storage Model 46,Customer 31,197.82,1,0,50.04,2022,Feb,25.30%
ORD10949,2/23/24,3/1/24,Central,Furniture,Chairs,Chairs Model 16,Customer 196,154.58,6,0,-2.2,2024,Feb,-1.42%
ORD10950,5/7/24,5/9/24,Central,Technology,Machines,Machines Model 40,Customer 73,213.91,6,0.3,-1.29,2024,May,-0.60%
ORD10951,9/4/24,9/11/24,South,Furniture,Chairs,Chairs Model 23,Customer 79,198.27,4,0.3,-3.67,2024,Sep,-1.85%
ORD10952,4/2/24,4/6/24,East,Furniture,Bookcases,Bookcases Model 34,Customer 139,448.72,3,0.1,49.77,2024,Apr,11.09%
ORD10953,3/26/24,3/30/24,South,Furniture,Chairs,Chairs Model 36,Customer 33,147.71,2,0,20.18,2024,Mar,13.66%
ORD10954,12/1/22,12/4/22,Central,Furniture,Chairs,Chairs Model 35,Customer 21,446.15,4,0,60.42,2022,Dec,13.54%
ORD10955,8/18/23,8/19/23,East,Office Supplies,Storage,Storage Model 14,Customer 79,665.83,2,0.2,44.01,2023,Aug,6.61%
ORD10956,4/9/24,4/12/24,East,Furniture,Chairs,Chairs Model 50,Customer 94,197.58,1,0.1,23.07,2024,Apr,11.68%
ORD10957,3/2/24,3/6/24,West,Technology,Machines,Machines Model 21,Customer 202,197.04,3,0,33.28,2024,Mar,16.89%
ORD10958,12/2/23,12/4/23,Central,Technology,Machines,Machines Model 39,Customer 278,106.52,4,0.1,25.66,2023,Dec,24.09%
ORD10959,7/7/22,7/9/22,East,Technology,Accessories,Accessories Model 44,Customer 63,363.78,2,0,62.66,2022,Jul,17.22%
ORD10960,7/26/22,8/2/22,East,Office Supplies,Binders,Binders Model 48,Customer 145,76.50,3,0.1,13.28,2022,Jul,17.36%
ORD10961,7/31/24,8/7/24,South,Technology,Accessories,Accessories Model 7,Customer 48,322.82,5,0,63.75,2024,Jul,19.75%
ORD10962,12/24/22,12/28/22,East,Furniture,Chairs,Chairs Model 6,Customer 206,514.16,2,0,68.67,2022,Dec,13.36%
ORD10963,3/27/22,3/29/22,South,Furniture,Tables,Tables Model 41,Customer 231,515.34,6,0,90.63,2022,Mar,17.59%
ORD10964,4/30/22,5/1/22,South,Office Supplies,Paper,Paper Model 46,Customer 178,65.57,2,0,0.37,2022,Apr,0.56%
ORD10965,3/14/24,3/18/24,South,Technology,Accessories,Accessories Model 5,Customer 150,250.13,6,0,31.86,2024,Mar,12.74%
ORD10966,3/5/23,3/8/23,South,Office Supplies,Storage,Storage Model 21,Customer 228,303.34,1,0,40.34,2023,Mar,13.30%
ORD10967,10/17/22,10/19/22,East,Technology,Accessories,Accessories Model 8,Customer 231,106.96,3,0.2,6.86,2022,Oct,6.41%
ORD10968,3/6/22,3/11/22,Central,Office Supplies,Paper,Paper Model 26,Customer 53,85.65,3,0.2,-9.6,2022,Mar,-11.21%
ORD10969,8/26/22,8/31/22,South,Technology,Machines,Machines Model 13,Customer 4,195.42,2,0.3,-1.54,2022,Aug,-0.79%
ORD10970,5/8/23,5/12/23,East,Office Supplies,Paper,Paper Model 26,Customer 80,281.34,6,0,49.73,2023,May,17.68%
ORD10971,11/12/22,11/16/22,South,Technology,Phones,Phones Model 30,Customer 148,139.97,3,0.1,4.81,2022,Nov,3.44%
ORD10972,7/23/24,7/30/24,West,Technology,Accessories,Accessories Model 12,Customer 131,504.49,5,0.3,6.86,2024,Jul,1.36%
ORD10973,10/18/23,10/23/23,Central,Furniture,Tables,Tables Model 35,Customer 255,188.92,6,0,25.84,2023,Oct,13.68%
ORD10974,1/19/23,1/26/23,South,Furniture,Tables,Tables Model 47,Customer 101,228.05,1,0.2,17.58,2023,Jan,7.71%
ORD10975,12/16/23,12/23/23,West,Technology,Machines,Machines Model 20,Customer 193,353.70,1,0,44,2023,Dec,12.44%
ORD10976,7/27/22,7/31/22,South,Office Supplies,Storage,Storage Model 24,Customer 200,62.31,6,0.2,12.89,2022,Jul,20.69%
ORD10977,4/21/22,4/23/22,South,Furniture,Tables,Tables Model 49,Customer 212,222.50,5,0,29.2,2022,Apr,13.12%
ORD10978,11/9/23,11/12/23,West,Technology,Accessories,Accessories Model 41,Customer 260,319.52,6,0,44.13,2023,Nov,13.81%
ORD10979,7/10/23,7/14/23,South,Office Supplies,Paper,Paper Model 47,Customer 229,157.65,4,0.1,22.18,2023,Jul,14.07%
ORD10980,2/8/22,2/12/22,West,Technology,Machines,Machines Model 4,Customer 178,328.04,2,0,43.25,2022,Feb,13.18%
ORD10981,11/2/22,11/9/22,Central,Furniture,Chairs,Chairs Model 29,Customer 276,107.48,2,0.2,6.42,2022,Nov,5.97%
ORD10982,2/24/23,3/1/23,West,Furniture,Chairs,Chairs Model 43,Customer 107,105.87,6,0,22.88,2023,Feb,21.61%
ORD10983,12/7/23,12/8/23,Central,Office Supplies,Binders,Binders Model 5,Customer 73,399.24,5,0.1,49.57,2023,Dec,12.42%
ORD10984,7/21/23,7/24/23,East,Technology,Accessories,Accessories Model 6,Customer 250,158.18,2,0,36.74,2023,Jul,23.23%
ORD10985,11/29/22,11/30/22,Central,Technology,Accessories,Accessories Model 29,Customer 120,225.10,6,0.1,39.82,2022,Nov,17.69%
ORD10986,10/1/22,10/3/22,Central,Office Supplies,Binders,Binders Model 49,Customer 69,113.78,2,0.2,17.4,2022,Oct,15.29%
ORD10987,9/3/23,9/9/23,West,Technology,Accessories,Accessories Model 20,Customer 186,231.47,5,0,22.73,2023,Sep,9.82%
ORD10988,11/20/23,11/23/23,Central,Technology,Phones,Phones Model 25,Customer 119,317.70,6,0,41.26,2023,Nov,12.99%
ORD10989,9/27/23,10/4/23,South,Office Supplies,Binders,Binders Model 41,Customer 191,193.61,1,0.2,16.4,2023,Sep,8.47%
ORD10990,11/5/22,11/9/22,Central,Furniture,Bookcases,Bookcases Model 14,Customer 180,148.46,6,0,25.02,2022,Nov,16.85%
ORD10991,7/29/23,8/5/23,East,Office Supplies,Storage,Storage Model 1,Customer 295,173.24,3,0.2,2.65,2023,Jul,1.53%
ORD10992,6/17/24,6/24/24,Central,Furniture,Bookcases,Bookcases Model 32,Customer 107,246.90,5,0.2,23.88,2024,Jun,9.67%
ORD10993,3/22/23,3/29/23,South,Technology,Machines,Machines Model 3,Customer 241,33.92,5,0,17.88,2023,Mar,52.71%
ORD10994,2/29/24,3/2/24,Central,Office Supplies,Paper,Paper Model 43,Customer 71,193.43,1,0.1,35.88,2024,Feb,18.55%
ORD10995,10/14/23,10/21/23,Central,Office Supplies,Storage,Storage Model 35,Customer 252,221.19,5,0,41.32,2023,Oct,18.68%
ORD10996,9/5/23,9/7/23,Central,Technology,Phones,Phones Model 2,Customer 50,286.65,3,0.2,1.72,2023,Sep,0.60%
ORD10997,10/31/22,11/3/22,West,Technology,Phones,Phones Model 27,Customer 147,259.81,5,0,30.85,2022,Oct,11.87%
ORD10998,4/30/22,5/3/22,Central,Technology,Phones,Phones Model 49,Customer 264,109.44,1,0.1,-2.06,2022,Apr,-1.88%
ORD10999,2/28/23,3/3/23,Central,Technology,Accessories,Accessories Model 17,Customer 7,222.48,3,0.3,-5.6,2023,Feb,-2.52%
